2736 3788
1119 200 1360 238 —7-

64 341 166 367 »mm
560 322 778 362 Senticam
809 333 895 360 esse
922 324 1082 371 oportet
1109 332 1300 369 causam,
1331 333 1463 371 quam
1490 321 1540 361 ob
1567 334 1660 360 rem

63 398 194 429 notui-s
561 387 725 426 Perdas
751 387 991 426 mulimem.

65 454 266 496 Eiusdem
292 442 420 494 *Festi
462 453 704 494 testimonio
745 453 926 492 eandem
971 454 1074 493 Cato
1088 453 1122 501 1)
1163 452 1354 493 adhibuit
1394 453 1687 492 elocutionem.
1729 475 1783 481 ——
1825 454 1943 503 [psas
1989 457 2133 492 autem
2180 452 2304 492 codd.
2332 452 2404 492 AV

65 519 327 568 corruptelas
349 517 501 558 ‚adhuc
537 521 891 558 commemoratas
928 528 982 556 ex
1015 517 1171 557 librarii
1207 518 1469 568 neglegentia
1516 518 1724 567 profectas
1768 528 1863 557 esse
1897 522 2047 568 sponte
2089 519 2240 558 elucet.
2295 517 2404 558 Nam

63 593 217 625 meum
243 595 406 633 magna
434 594 510 633 pro
538 584 678 623 multa
705 582 811 622 mori
839 583 896 622 illi
924 582 1195 622 tribuendum
1223 593 1329 630 esse,
1358 594 1469 633 „quo
1487 583 1714 632 suppositis
1741 584 1991 634 synonymis
2022 588 2096 622 aut
2114 583 2293 623 totidem
2319 584 2404 634 syl-

65 648 256 690 hbomm
285 649 568 701 eiusdequ
590 658 815 688 mensurae
844 646 1060 686 vocabulis
1089 652 1310 687 auctorum
1338 647 1470 687 verba
1496 649 1630 697 magis
1658 648 1712 686 ad
1732 658 2005 688 communem
2024 653 2114 688 tum
2142 648 2404 688 intellectum

65 712 454 755 aemmodabzrntur
488 718 562 752 aut
595 713 723 752 etiam
764 723 882 751 mera
920 712 1110 751 variandi
1152 713 1338 752 lubidine
1377 713 1735 753 immutabantur“
1777 713 1948 752 minime
1988 723 2167 752 necesse
2204 717 2269 752 est
2303 723 2402 752 cum

0 816 2 819 ,
66 776 368 830 Βιοίπθιιεὶοῖ)
395 781 643 825 statuamuS,
672 778 871 827 quoniam
899 777 1204 817 vocabulorum
1233 790 1417 828 maynus
1445 782 1488 818 et
1515 778 1675 816 multus
1702 778 1966 828 frequentem
1996 789 2091 818 6556
2118 779 2161 817 in
2187 778 2402 817 codicibus

21 897 24 899 Α
62 844 339 893 &ationem
365 853 449 882 non
466 843 606 882 minus
634 846 751 881 recte
779 841 953 881 adnotat
980 842 1218 891 Muellerus,
1230 841 1264 893 3)
1293 854 1421 893 quam
1446 844 1548 884 illud
1576 846 1690 883 vitae
1718 856 1770 883 ex
1788 845 1878 882 vita
1906 855 1982 894 per
2000 845 2234 894 simplicem
2263 847 2402 882 ortum

65 907 424 958 enqslitterarum
452 908 754 947 confusionem.
811 908 872 947 De
899 908 1158 957 reliquarum
1193 912 1335 947 autem
1364 909 1699 959 corruptelarum
1726 909 1885 958 origine
1913 920 1996 947 non
2025 914 2101 957 est,
2131 908 2245 959 quod
2273 908 2403 948 verba

61 972 280 1017 rodamus.

205 1037 280 1078 His
307 1037 435 1087 igitur
461 1038 567 1077 locis
594 1042 820 1088 postquam
851 1038 1033 1077 vidimus
1062 1038 1154 1077 cod.
1184 1037 1219 1076 G
1247 1039 1478 1088 scripturas
1505 1049 1591 1077 non
1619 1038 1746 1077 modo
1774 1042 2069 1088 excerptorum
2097 1039 2199 1078 Fris.
2229 1038 2402 1078 stabiliri
2461 1074 2465 1075 ⁷

64 1102 323 1150 auctoritate,
357 1103 434 1142 sed
472 1103 600 1142 etiam
632 1114 782 1152 reapse
815 1103 974 1152 optime
1010 1102 1311 1150 commendari,
1348 1103 1433 1142 iam
1468 1103 1689 1143 audiamus
1723 1103 2027 1153 Rossbergium
2061 1103 2285 1152 dicentem,
2312 1103 2402 1143 ubi-

66 1174 236 1219 cunque
264 1168 358 1208 cod.
388 1166 424 1206 G
453 1162 837 1217 praeferendus‘sit
865 1167 987 1206 codd.
1016 1167 1098 1215 AV,
1127 1168 1237 1207 illius
1265 1169 1495 1218 scripturas
1514 1169 1778 1208 revocandas
1797 1179 1893 1208 esse
1921 1168 1975 1207 ad
2004 1168 2160 1208 librarii
2180 1170 2401 1208 cuiusdam

64 1233 394 1274 emendationes.
441 1233 551 1272 Fieri
578 1243 682 1272 sane
701 1232 875 1282 quidem
902 1234 1049 1282 potuit,
1080 1237 1125 1271 ut
1153 1232 1345 1272 librarius
1366 1234 1521 1272 menda
1546 1238 1634 1274 tam
1654 1235 1888 1282 manifesta,
1907 1234 2047 1283 qualia
2073 1239 2171 1273 sunt
2200 1234 2397 1284 bipsatos,

63 1298 134 1339 hic
150 1301 241 1337 <aut
266 1297 361 1347 tibi,
391 1298 539 1356 iyncta
567 1308 647 1347 per
673 1299 937 1337 coniecturas
974 1299 1094 1348 quasi
1130 1298 1238 1337 ultro
1280 1309 1376 1337 sese
1418 1299 1644 1339 offerentes
1683 1299 1727 1338 in
1768 1301 1976 1349 integrum
2017 1300 2270 1339 restitueret.
2326 1299 2402 1338 Vix

63 1367 207 1404 autem
246 1373 300 1402 ac
337 1374 393 1402 ne
433 1364 504 1402 vix
546 1364 718 1413 quidem
759 1365 848 1402 veri
896 1363 1102 1403 ducemus
1142 1363 1279 1403 simile
1325 1364 1531 1401 sonticam
1579 1374 1731 1403 vocem
1763 1368 1851 1403 tam
1884 1375 2021 1403 raram
2064 1369 2191 1414 atque
2233 1364 2285 1403 ab
2322 1371 2402 1403 usu

61 1433 165 1470 tam¹
189 1431 400 1469 remotam
410 1426 447 1476 ⁴²)
487 1428 540 1467 de
580 1439 658 1468 suo
699 1429 816 1467 illum
861 1429 1023 1468 Tibullo
1064 1428 1310 1468 reddidisse.
1378 1427 1485 1474 Quid
1517 1439 1620 1467 vero
1655 1427 1870 1467 librarium
1903 1429 2179 1478 nescioquem
2215 1439 2402 1466 commo-

62 1494 182 1535 vm·
210 1493 469 1544 putabimus,
511 1498 558 1533 ut
599 1495 828 1544 scripturas
870 1505 1032 1543 mayna
1061 1498 1104 1533 et
1130 1494 1245 1532 vitae
1278 1504 1354 1543 per
1388 1504 1437 1532 se
1471 1494 1647 1533 minime
1680 1493 1966 1533 intolerabiles
1999 1494 2041 1532 in
2072 1493 2207 1531 multa
2235 1498 2278 1532 et
2310 1493 2400 1531 vita

61 1557 338 1611 immutaret?
366 1559 431 1598 An
459 1569 612 1598 censes
638 1563 756 1598 tanta
783 1559 901 1598 illum
929 1548 1187 1598 monachum
1214 1558 1451 1608 praeditum
1479 1559 1610 1597 fuisse
1638 1558 1740 1596 artis
1778 1559 1948 1597 criticae
1986 1559 2197 1606 facultate,
2230 1561 2279 1597 ut
2304 1568 2400 1597 sen-

61 1624 162 1664 tiret
193 1624 456 1674 curruptelas
491 1635 648 1674 easque
676 1626 797 1674 quasi
824 1625 1037 1663 divinitus
1056 1625 1099 1662 in
1135 1625 1345 1673 integrum
1374 1622 1614 1672 redigeret‘l
1648 1623 1797 1672 Itaque
1830 1623 1922 1662 cod.
1960 1622 1995 1662 G
2023 1623 2265 1674 scripturas,
2293 1633 2400 1673 quas

61 1688 285 1739 hucusque
312 1691 750 1737 commemoravimus,
778 1701 863 1729 non
899 1701 924 1727 a
965 1688 1130 1728 librario
1169 1688 1425 1738 excogitatas
1462 1698 1576 1736 esse,
1610 1687 1688 1727 sed
1722 1688 1950 1737 antiquitus
1986 1688 2116 1727 fuisse
2149 1688 2324 1728 traditas
2357 1691 2400 1727 et

63 1757 238 1795 externa
263 1754 504 1794 testimonia
531 1759 574 1794 et
601 1759 849 1804 argumenta
876 1755 1041 1794 interna
1067 1764 1145 1792 nos
1174 1757 1342 1802 cogunt,
1369 1757 1416 1791 ut
1443 1757 1690 1792 statuamus.

205 1843 393 1893 Utraque
435 1847 576 1883 autem
622 1844 943 1894 argumentandi
984 1845 1088 1883 ratio
1132 1844 1258 1883 etiam
1292 1843 1373 1881 alio
1408 1841 1591 1891 quodam
1620 1842 1733 1880 valet
1766 1841 1871 1889 loco,
1900 1841 1969 1880 ubi
2008 1841 2198 1880 destituti
2227 1841 2400 1891 quidem

62 1918 210 1947 sumus
239 1908 448 1958 excerptis
476 1907 597 1956 Fris„
625 1913 769 1948 tamen
803 1910 905 1958 ipsis
940 1910 981 1948 in
1016 1908 1138 1947 codd.
1175 1907 1222 1955 G,
1252 1907 1324 1946 AV
1353 1917 1404 1945 ea
1437 1911 1502 1946 est
1537 1906 1767 1945 traditionis
1804 1911 1955 1946 natura
1988 1911 2115 1956 atque
2143 1906 2320 1954 indoles,
2346 1917 2399 1945 ex

64 1983 150 2022 qua
184 1973 416 2012 maximum
451 1973 668 2022 capiamus
703 1974 1037 2013 emolumentum
1087 1973 1140 2012 ad
1175 1973 1469 2022 quaestionem
1510 1972 1766 2021 propositam
1796 1971 2128 2010 discernendam.
2193 1970 2399 2010 Exhibent

63 2037 178 2077 enim
203 2037 254 2086 11,
282 2037 374 2086 1,67

543 2114 578 2153 G
606 2115 702 2164 Ipse
730 2116 970 2165 interque
998 2111 1179 2166 qreg'yes
1207 2116 1402 2164 interque
1431 2117 1628 2151 armenta
1658 2112 1824 2163 Cupido

543 2180 574 2218 V
636 2210 666 2227 „
725 2181 1086 2231 quoqueinter
1106 2192 1281 2231 qreyes
1310 2210 1340 2227 „

543 2245 579 2284 A
633 2275 663 2293 ,‚
722 2258 923 2295 quoque
952 2247 1092 2284 inter
1120 2257 1272 2296 a9ros
1310 2275 1340 2292 „

165 2356 170 2359 -
205 2332 364 2380 Quibus
392 2334 432 2372 in
463 2335 713 2373 testimoniis
748 2339 846 2374 ante
880 2335 1021 2374 omnia
1057 2335 1189 2373 oculis
1224 2344 1321 2372 sese
1354 2332 1592 2381 inculcabit,
1621 2332 1734 2382 quod
1770 2331 1891 2370 codd.
1929 2331 1964 2370 A
1991 2336 2034 2370 et
2061 2331 2106 2380 V,
2142 2342 2398 2382 quamquam

64 2397 255 2436 eiusdem
283 2402 382 2437 sunt
409 2399 561 2448 stirpis,
590 2399 647 2437 ita
675 2399 781 2438 inter
813 2410 861 2438 se
890 2399 1142 2449 discrepant,
1176 2403 1223 2438 ut
1250 2398 1284 2436 V
1312 2409 1410 2437 cum
1439 2398 1474 2436 G
1502 2397 1727 2436 lectionem
1754 2409 1899 2446 yreyes
1927 2395 2079 2436 habeat
2115 2408 2397 2446 communem,

62 2464 99 2501 A
127 2461 324 2502 exhibeat
350 2463 604 2512 scripturam
632 2477 757 2514 aqi-os
786 2464 838 2503 ab
877 2465 947 2504 illa
975 2464 1320 2503 diversissimam.
1375 2463 1514 2512 Atque
1542 2463 1787 2512 priusquam
1822 2466 1992 2500 transeo
2020 2460 2134 2500 hunc
2161 2462 2214 2500 ad
2241 2466 2397 2501 statum

62 2527 295 2567 traditionis
324 2528 620 2577 explicandum
646 2534 712 2575 sat
740 2529 1072 2577 memorabilem,
1101 2528 1364 2567 monendum
1392 2532 1458 2566 est
1476 2550 1529 2556 —
1547 2531 1595 2566 ut
1621 2526 1763 2566 statim
1791 2527 1988 2574 sciamus,
2018 2537 2219 2576 quorsum
2252 2526 2398 2565 tendat

64 2594 382 2642 argumentatio,
411 2615 462 2621 —-
491 2594 793 2645 Rossbergium
830 2596 1058 2634 lectionem
1085 2594 1178 2632 cod.
1209 2593 1244 2632 G
1280 2604 1333 2632 ex
1369 2592 1522 2632 librarii
1557 2593 1800 2630 coniectura
1836 2591 2068 2641 profectam
2104 2595 2351 2630 censentem
2361 2589 2396 2640 ⁶)

64 2657 213 2696 Klotzii
241 2657 527 2697 emendationi
556 2659 812 2709 adstipulari,
842 2661 913 2709 qui
941 2670 1093 2698 vocem
1122 2671 1247 2707 aqros
1275 2659 1319 2696 in
1346 2670 1472 2707 apros
1502 2657 1749 2696 immutavit.
1762 2656 1797 2707 ⁶)
1825 2680 1877 2684 —
1906 2657 1990 2696 Sed
2023 2658 2066 2695 in
2099 2667 2303 2706 praesens
2337 2656 2398 2695 nil

65 2726 274 2770 curanteS,
305 2733 584 2773 quaecunque
614 2730 655 2763 et
683 2725 844 2764 Klotzio
880 2729 923 2763 et
960 2725 1213 2773 Rossbergio
1248 2724 1340 2762 visa
1372 2727 1483 2771 sunt,
1522 2723 1705 2771 primum
1732 2723 1921 2760 omnium
1958 2721 2259 2771 indagabimus,
2295 2721 2396 2771 quid

63 2797 117 2826 ex
142 2787 234 2837 ipso
260 2787 495 2827 traditionis
523 2792 699 2828 externo
727 2788 874 2828 habitu
903 2790 1035 2839 possit
1063 2789 1310 2830 enucleari..
1343 2788 1480 2838 Atque
1507 2786 1759 2826 testimoniis
1786 2791 1874 2825 tam
1902 2787 2086 2836 graviter
2119 2790 2165 2824 ut
2186 2784 2274 2824 hoc
2302 2785 2395 2824 loco

63 2853 174 2892 inter
200 2863 248 2892 se
276 2853 575 2893 dissidentibus
609 2865 778 2904 semper
812 2855 1009 2904 primaria
1044 2858 1111 2893 est
1138 2854 1342 2903 quaestio,
1371 2863 1582 2902 quaenam
1617 2852 1846 2890 lectionum
1880 2852 1937 2889 ita
1970 2851 2024 2889 sit
2061 2855 2315 2900 comparata,
2343 2861 2396 2890 ex

210 3044 237 3088 ¹)
262 3052 359 3084 orat.
383 3049 518 3094 fragm.
544 3049 591 3084 58
614 3049 675 3085 ed.
699 3048 844 3084 Jordan
869 3058 906 3093 p.
930 3048 988 3084 65.

210 3103 239 3153 ²)
263 3108 362 3150 prol.
389 3117 426 3153 p.
451 3108 510 3143 17.

197 3166 239 3213 J)
262 3168 390 3203 annal.
415 3166 549 3214 philol.
572 3164 680 3211 1869,
703 3175 742 3210 p.
767 3166 826 3202 66.

93 3215 99 3221 ⁴
139 3271 143 3276 ⁷
197 3215 240 3270 ⁵⁴.)
264 3227 315 3262 cf.
342 3226 442 3262 infra
466 3235 503 3270 p.
549 3225 596 3260 33
621 3225 698 3262 sub
722 3234 889 3261 numero
913 3225 960 3261 II.

208 3283 238 3330 ⁵)
259 3294 348 3330 pag,
374 3284 432 3320 78.

207 3340 239 3387 ⁸)
262 3344 391 3379 annal.
414 3343 548 3389 philol.
574 3342 680 3388 1869,
705 3353 743 3388 p.
769 3342 905 3386 793194.

2486 2031 2532 2078 11,
2555 2033 2650 2077 1,67.
