2756 3770
1358 221 1626 261 -30-

317 357 432 395 esse,
461 345 614 386 deinde
651 348 694 384 et
722 344 859 382 ianua
886 344 1013 395 firma
1050 344 1103 384 ab
1141 343 1289 384 Ovidio
1327 344 1495 394 dicitur,
1529 345 1800 386 manifestum
1835 350 1899 386 est
1934 347 2036 387 illud
2072 348 2313 398 exemplum
2345 360 2370 388 a
2405 348 2663 391 Baehrensio

317 412 532 451 conlatum
560 411 619 450 nil
646 410 789 449 valere
818 409 871 448 ad
900 409 995 449 cod.
1028 409 1064 450 G
1092 411 1346 460 scripturam
1384 410 1717 460 praeferendam.
1780 410 2063 463 Rossbergii1)
2102 416 2246 452 autem
2279 414 2526 465 scrupulum
2563 426 2662 456 cen·

315 476 446 515 sentis
475 475 617 515 verbis
645 473 866 513 clauditur
895 504 903 513 .
934 504 943 513 .
975 505 983 513 .
1013 474 1158 525 fulta
1176 476 1471 526 pleonasmum
1499 476 1597 515 oriri
1623 480 1740 516 recte
1767 481 1958 517 removet
1978 476 2278 527 Baehrensius,
2308 490 2406 519 cum
2435 479 2535 520 dicit
2561 479 2664 532 illud

314 539 528 579 clauditur
563 538 714 578 confici
742 543 869 589 atque
899 541 1070 580 evenire
1099 551 1151 580 ex
1178 540 1319 590 fulta
1346 541 1496 579 ianua.
1555 541 1660 580 Cum
1694 541 1820 591 igitur
1852 545 2031 592 utraque
2066 546 2163 592 apta
2198 543 2253 582 sit
2286 543 2412 583 lectio
2444 555 2585 595 neque
2612 556 2665 586 ex

313 606 404 655 ipso
432 605 526 643 loco
556 604 618 643 rei
647 604 896 644 enodandae
923 606 1058 645 ullum
1087 605 1241 645 adferri
1268 607 1402 656 possit
1421 605 1726 654 adiumentum,
1746 605 1799 644 ad
1819 617 1870 646 ea
1888 607 2178 658 confugiamus
2198 612 2376 658 oportet,
2396 619 2504 659 quae
2522 608 2663 651 adhuc

314 673 528 720 comperta
555 669 762 710 habemus
790 670 844 710 de
872 670 1076 710 librorum
1105 672 1366 711 auctoritate.
1423 671 1561 721 Atque
1590 675 1815 721 postquam
1842 672 2026 712 vidimus
2055 673 2177 713 codd.
2210 673 2280 712 AV
2308 675 2498 724 proprias
2533 675 2664 726 scrip-

310 738 428 774 turas
457 746 667 786 nusquam
695 736 1028 786 interpolationis
1058 736 1161 776 dare
1189 735 1488 786 suspicionem,
1519 736 1711 776 codicem
1739 741 1882 777 autem
1911 737 1946 777 G
1974 742 2040 779 sat
2076 750 2204 790 saepe
2237 751 2412 779 manum
2440 739 2658 780 correctri-

312 811 406 839 cem
435 804 659 850 expertum
688 812 797 850 esse,
827 802 1138 841 consectarium
1167 805 1232 841 est
1260 800 1342 841 hoc
1370 802 1463 841 loco
1491 801 1620 853 firma
1648 813 1794 841 veram
1822 814 1901 842 nos
1930 815 2161 854 agnoscere
2189 806 2427 845 lectionem.

453 866 802 918 Quascunque
838 867 996 917 igitur
1028 867 1292 917 persecuti
1321 878 1495 906 sumus
1530 868 1977 918 interpolationes
2015 870 2124 909 cod.
2164 869 2212 918 G,
2241 871 2293 909 in
2322 869 2538 909 diversa
2565 870 2661 910 dis-

310 930 495 969 cedunt
524 941 734 980 genera,
764 942 979 981 quorum
1007 932 1222 981 primum
1251 942 1339 971 eas
1369 933 1628 982 continet,
1659 933 2114 983 quibuslibrarius
2135 936 2281 975 locos
2301 936 2350 975 in
2370 935 2661 986 exemplari

308 1007 401 1035 suo
431 1000 716 1046 corruptos
744 997 960 1047 proprio
991 997 1151 1036 Marte
1179 997 1441 1036 studuerit
1469 998 1768 1047 emendare,
1797 999 2038 1048 alterum,
2067 999 2253 1049 quibus
2277 999 2437 1038 verba
2464 998 2659 1039 tradita

307 1072 576 1112 perperam
618 1061 940 1113 intellegens
983 1073 1072 1101 suo
1124 1062 1341 1101 arbitrio
1385 1062 1760 1112 immutaverit,
1801 1065 2035 1113 tertium,
2078 1065 2264 1115 quibus
2306 1065 2367 1104 ad
2411 1065 2511 1104 vim
2552 1074 2662 1103 sen-

305 1127 511 1166 tentiae
539 1128 828 1177 augendam
857 1127 1114 1177 genuinae
1151 1127 1452 1177 scripturae
1493 1128 1719 1168 alienam
1755 1131 2116 1180 supposuerit,
2151 1135 2386 1181 quartam
2421 1130 2661 1180 denique,

308 1192 496 1243 quibus
526 1193 755 1232 lectione
791 1187 986 1233 tradita
1015 1194 1217 1232 reiecta
1246 1194 1462 1233 alteram
1490 1194 1625 1233 idem
1653 1193 2053 1244 significantem
2081 1195 2375 1235 inculcarit.

448 1260 608 1308 Restat,
636 1264 683 1299 ut
712 1259 764 1299 de
794 1271 845 1299 ea
873 1260 1012 1299 dicam
1040 1260 1283 1309 Rossbergii
1311 1260 1533 1306 sententia,
1563 1270 1646 1309 qua
1665 1258 1860 1311 censet2)
1888 1261 2058 1311 ipsum
2086 1260 2428 1312 archetypum
2455 1260 2658 1301 codicis

307 1322 342 1362 G
372 1327 420 1363 et
449 1328 822 1375 excerptorum
850 1325 957 1364 Par.
994 1325 1123 1376 (cod.
1160 1323 1205 1374 x)
1241 1325 1341 1364 iam
1375 1324 1754 1374 interpolatum
1790 1325 1967 1366 fuisse.
2025 1326 2160 1374 Quam
2187 1326 2576 1371 sententiam-duas
2603 1326 2659 1366 ob

306 1399 457 1428 causas
487 1390 686 1440 amplecti
713 1401 798 1429 non
826 1401 1013 1440 possum.
1071 1390 1133 1429 Ac
1160 1390 1343 1440 primum
1373 1389 1557 1439 quidem,
1587 1401 1692 1440 quas
1721 1391 1756 1430 G
1785 1395 1828 1431 et
1856 1392 1945 1431 Par.
1977 1402 2227 1431 communes
2254 1390 2412 1431 habent
2439 1391 2657 1441 lectiones,

308 1466 359 1494 ex
385 1455 436 1493 iis
471 1466 525 1494 ne
560 1466 644 1494 una
681 1454 853 1504 quidem
889 1454 943 1494 de
977 1455 1303 1505 interpolatione
1336 1459 1534 1505 suspecta
1570 1460 1646 1505 est,
1683 1457 1759 1496 sed
1795 1469 1944 1497 omnes
1979 1458 2068 1498 fere
2103 1469 2231 1498 verae
2264 1461 2385 1506 sunt,
2415 1468 2519 1506 una,
2548 1467 2663 1507 quae.

304 1519 427 1559 nobis
463 1524 661 1570 corrupta
694 1521 787 1559 visa
822 1524 906 1568 est,
942 1531 1000 1560 sc.
1036 1520 1067 1569 I,
1101 1520 1195 1568 1‚48
1230 1519 1384 1571 (imbre
1422 1530 1498 1570 pro
1534 1519 1652 1572 igme)
1689 1523 1979 1573 neglegentiae
2014 1524 2153 1573 potius
2192 1533 2319 1573 quam
2346 1522 2655 1573 interpolationi

305 1590 573 1631 attribuenda
609 1595 688 1631 est.
755 1592 915 1631 Deinde
951 1603 1003 1631 ex
1036 1591 1086 1640 ΙΙ,
1123 1591 1228 1640 631,
1256 1592 1328 1630 ubi
1370 1602 1462 1631 exc.
1494 1592 1586 1630 Par.
1631 1600 1729 1629 cum
1766 1588 1887 1628 codd.
1929 1588 1999 1627 AV
2036 1593 2078 1628 et
2113 1588 2218 1628 Fris.
2258 1578 2422 1629 rectam
2456 1586 2656 1629 exhibent

304 1658 558 1707 scripturam
587 1669 691 1707 spe-«3,
721 1657 813 1696 cod.
844 1657 880 1696 G
907 1657 1203 1707 interpolatam
1232 1661 1284 1705 et,
1315 1655 1513 1696 videmus
1542 1656 1769 1695 lectionem
1796 1654 2093 1704 interpolatam
2120 1654 2162 1692 in
2191 1654 2261 1694 illo
2291 1652 2520 1704 archetypo
2550 1663 2654 1692 non-

305 1722 405 1761 dum
427 1723 627 1762 extitisse.
684 1722 864 1772 Itaque
884 1723 959 1761 eis
978 1721 1506 1771 interpolationibus,
1536 1731 1661 1771 quas
1689 1721 1738 1758 in
1767 1719 1871 1758 cod.
1893 1718 1928 1758 G
1957 1717 2414 1768 deprehendimus,
2443 1717 2661 1759 minime-

305 1799 527 1828 necesse
565 1791 643 1827 est
679 1791 968 1827 statuamus
1003 1798 1115 1827 eum
1145 1786 1380 1826 codicem
1409 1787 1506 1826 iam
1535 1786 1879 1836 depravatum
1909 1783 2088 1832 fuisse,
2124 1783 2185 1823 ad
2221 1794 2373 1833 quem
2402 1794 2458 1822 co
2473 1782 2512 1825 d..
2542 1781 2577 1823 G
2605 1786 2661 1824 et.

305 1864 409 1892 exc.
440 1854 548 1892 Par.
576 1856 866 1892 recurrunt.
917 1852 1000 1892 Sed
1030 1852 1309 1891 subsistamus
1338 1862 1451 1891 nunc
1480 1856 1522 1891 et
1548 1852 1716 1891 totius
1745 1848 2122 1900 disputationis
2155 1859 2402 1889 summam
2429 1848 2647 1891 faciamus.

1255 2134 1520 2221 Caput
1564 2134 1685 2201 III.

976 2294 1189 2344 Totius
1227 2295 1653 2356 disputationis
1690 2306 1965 2344 summa.

443 2446 611 2487 Rossb
622 2447 765 2496 ergiu
778 2445 875 2485 min
890 2446 1136 2485 universum
1151 2446 1305 2485 frustra
1321 2455 1417 2484 esse
1435 2445 1750 2484 demonstrasse
1765 2445 1886 2484 nobis
1904 2444 2111 2492 videmur,
2128 2442 2241 2492 quod
2257 2435 2645 2490 codicem'Gusquc

299 2513 405 2553 adeo
424 2511 816 2562 interpolationibus
836 2511 1118 2551 deformatum
1141 2521 1236 2550 esse
1266 2509 1495 2557 contendit,
1525 2514 1571 2548 ut
1600 2510 1653 2548 ad
1682 2509 1831 2548 Tibulli
1859 2513 2023 2548 textum
2049 2506 2359 2547 restituendum
2387 2506 2540 2546 nullius
2568 2515 2645 2555 per

301 2589 347 2617 se
365 2577 577 2628 putandus
597 2578 651 2616 sit
670 2577 884 2617 momenti.
928 2577 1111 2628 Singulis
1131 2581 1274 2616 autem
1294 2577 1337 2615 in
1356 2574 1458 2615 locis
1485 2576 1674 2615 tractatis
1702 2576 1886 2625 primum
1914 2579 2037 2623 errat,
2058 2574 2170 2624 quod
2192 2584 2264 2613 eas
2283 2571 2441 2611 codicis
2461 2571 2495 2611 G
2515 2571 2646 2620 scrip·

299 2648 427 2692 turas,
446 2654 550 2692 quas
577 2644 721 2692 negari
751 2647 934 2693 nequeat
956 2642 1255 2693 praeferendas
1276 2653 1371 2681 esse
1392 2641 1642 2680 lectionibus
1673 2639 1793 2679 codd.
1822 2640 1903 2688 AV,
1914 2651 1965 2678 ex
1992 2639 2185 2678 felicibus
2208 2638 2363 2678 librarii
2390 2636 2644 2677 coniecturis

300 2710 512 2758 profectas
541 2719 649 2748 esse.
695 2708 866 2748 Deinde
893 2708 1270 2748 vehementissime
1306 2711 1435 2755 errat,
1472 2705 1585 2756 quod
1615 2705 1707 2744 cod.
1738 2705 1772 2744 G
1800 2705 2031 2754 scripturas
2067 2704 2277 2754 quasdam
2308 2703 2484 2742 eximias
2518 2705 2645 2751 atque

301 2778 446 2814 censet
462 2774 704 2823 exquisitaS,
721 2784 829 2823 quae
845 2774 1010 2813 nonnisi
1025 2774 1157 2823 ipsius
1172 2776 1322 2822 poetae
1338 2783 1432 2811 esse
1447 2771 1622 2821 possint,
1637 2780 1713 2819 per
1727 2770 2069 2819 interpolatorem
2086 2769 2335 2819 depravatas
2351 2768 2573 2814 existimat,
2588 2766 2646 2805 ita

301 2843 346 2878 ut
382 2837 493 2877 haud
531 2839 653 2888 pauci
688 2849 834 2878 eorum
870 2840 1056 2889 ipsorum
1085 2839 1288 2886 locorum,
1319 2838 1471 2887 quibus
1506 2836 1575 2875 ille
1607 2835 1672 2873 vir
1708 2834 1856 2873 doctus
1892 2834 2049 2874 codicis
2086 2834 2120 2873 G
2157 2839 2312 2873 statum
2347 2831 2643 2882 interpolatum

300 2904 442 2943 studet
471 2905 679 2951 evincere,
699 2903 822 2943 nobis
837 2905 905 2943 vel
924 2904 1109 2943 maximo
1137 2904 1221 2942 sint
1250 2902 1506 2941 documento
1525 2900 1617 2940 cod.
1639 2899 1673 2939 G
1694 2887 1962 2949 nequaquam
1983 2911 2077 2939 esse
2103 2899 2403 2949 respuendum.
2451 2896 2640 2946 Denique

300 2974 424 3018 errat,
455 2969 586 3019 quod,
615 2969 686 3007 ubi
715 2969 807 3008 cod.
838 2968 873 3008 G
902 2980 1051 3008 revera
1081 2971 1307 3017 corruptus
1343 2971 1426 3014 est,
1457 2977 1555 3006 eum
1583 2966 1636 3004 de
1671 2965 1991 3015 interpolatione
2018 2969 2264 3014 suspectum
2299 2962 2444 3011 habet,
2473 2960 2640 3001 etiamsi

300 3035 566 3084 corruptelae
596 3045 671 3084 per
699 3035 816 3073 lenes
846 3038 887 3073 et
914 3035 1127 3072 solemnes
1147 3032 1412 3072 librariorum
1440 3042 1604 3071 errores
1625 3035 1740 3070 ortae
1769 3034 1867 3070 sunt
1887 3034 1928 3069 et
1947 3029 2158 3069 interdum
2178 3040 2232 3068 ne
2250 3027 2437 3078 intellegi
2466 3026 2638 3077 quidem

299 3103 449 3148 potest,
481 3099 580 3149 quid
610 3100 780 3138 omnino
808 3100 1081 3149 interpolator
1108 3098 1186 3138 sibi
1221 3098 1412 3136 voluerit.
1475 3098 1605 3136 Recte
1642 3100 1784 3135 autem
1818 3094 1901 3134 huc
1937 3096 2036 3134 illuc
2072 3095 2188 3134 locos
2222 3095 2265 3133 in
2301 3093 2392 3132 cod.
2423 3091 2458 3131 G
2486 3102 2638 3141 reapse

297 3165 573 3215 interpolatos
602 3166 809 3215 cognovit.

447 3335 473 3380 ¹)
499 3346 535 3381 p.
563 3336 619 3372 76.

446 3395 473 3440 2)
498 3406 534 3440 p.
560 3396 616 3432 74.
