2736 3788
119 490 147 536 1,
173 489 254 535 1‚78

1385 226 1646 265 ,10-

337 351 466 392 amor.
497 353 563 401 4‚7
587 364 667 401 per
695 355 734 389 te
762 351 804 389 in
833 355 871 388 te
895 351 1003 400 per?
1032 372 1082 378 —
1111 351 1232 389 Nunc
1262 361 1362 388 vero
1393 349 1647 388 differentias
1675 350 1767 389 illas
1797 350 1850 389 ad
1879 350 2099 390 obrussam
2129 352 2357 402 exigamus,
2377 358 2424 393 ut
2446 348 2679 404 videamus,

337 430 437 456 num
466 421 626 455 rectam
657 415 709 454 de
739 414 803 454 his
833 415 924 454 cod.
956 414 991 453 G
1021 417 1239 466 scripturis
1268 414 1547 464 Rossbergius
1577 415 1910 464 pronuntiaverit
1938 417 2203 456 sententiam.

478 482 665 520 Primum
695 482 832 530 igitur,
863 492 990 530 quem
1021 482 1363 529 commemoravi,
1394 481 1535 520 locum
1563 481 1593 528 Ι,
1621 479 1716 528 1,78
1744 481 1805 519 sic
1833 481 2005 520 tradunt
2035 480 2204 521 codices

896 545 929 584 G
951 546 1090 596 (Par.)
1112 547 1406 596 Despiciam
1436 547 1572 584 dites
1603 546 1922 595 despiciamque
1950 547 2124 596 famem.
2180 577 2182 579 >

872 611 952 649 AV
1114 612 1257 650 Dites
1288 612 1578 662 despiciam
2031 643 2059 660 „

334 676 423 722 Quo
465 675 557 713 loco
601 675 691 714 cod.
736 675 770 714 G
811 676 1076 726 sequendum
1119 688 1212 716 esse
1262 678 1344 715 iam
1381 677 1541 716 dudum
1583 679 1692 716 inter
1730 678 1843 716 viros
1886 678 2034 716 doctos
2077 683 2253 719 constat.
2319 680 2381 720 Ac
2422 682 2683 725 Baehrensio

334 740 504 790 quidem
544 742 774 790 permirum
807 742 910 780 illud
946 743 1116 790 accidit,
1154 742 1288 792 quod,
1326 753 1423 781 cum
1462 742 1606 792 olim1)
1637 742 1745 780 dites
1780 741 2015 791 despiciam
2045 744 2197 783 Tibulli
2227 747 2523 788 consuetudini
2549 752 2683 801 magis

332 806 593 856 respondere
621 810 782 845 temere
810 808 1098 847 contendisset
1129 812 1256 856 atque
1295 808 1407 846 nullo
1436 808 1574 846 adlato
1613 812 1872 857 argumento,
1902 807 2094 859 postea2)
2132 810 2370 860 despiciam
2406 812 2514 851 dites
2548 815 2683 865 magis

332 882 427 910 esse
458 882 508 909 ex
536 882 616 910 usu
645 872 879 911 Tibulliano
909 878 1024 911 recte
1053 876 1099 911 ut
1127 876 1333 911 statueret
1363 883 1460 911 cum
1488 873 1591 920 aliis,
1620 872 1685 912 his
1715 873 1921 911 adductus
1950 878 2016 912 est
2050 875 2254 925 exemplis

899 939 928 987 I,
957 939 1049 986 482
1107 939 1383 988 Deficiunt
1412 942 1523 976 artes
1553 939 1925 988 deficiuntque
1954 938 2057 978 doli.

874 1004 923 1052 ΙΙ,
952 1004 1072 1052 5,105
1100 1003 1212 1041 Pace
1242 1009 1318 1040 tua
1346 1008 1566 1053 pereant
1595 1016 1720 1041 arcus
1747 1007 2076 1053 pereantque
2104 1005 2286 1054 saqittae

870 1069 919 1117 11,
947 1069 1013 1117 6,9
1097 1068 1248 1106 Castra
1276 1072 1373 1118 peto
1403 1062 1675 1118 valeatque
1712 1067 1847 1106 Venus
1876 1068 2195 1119 valeantque
2218 1071 2406 1120 puellae.

332 1132 491 1179 Quibus
521 1133 625 1173 locis
654 1132 731 1173 hos
761 1134 871 1173 addo
902 1135 1144 1173 consimiles

920 1199 949 1248 I,
981 1199 1073 1247 264
1131 1198 1426 1237 Candidior
1455 1211 1621 1249 semper
1650 1198 2042 1249 candidiorque
2071 1200 2168 1238 veni

899 1265 948 1313 ΙΙ,
977 1266 1097 1314 5,100
1127 1264 1433 1315 Cespitibus
1462 1277 1631 1303 ‘mensas
1661 1264 2055 1315 cespitibusque
2083 1269 2240 1305 torum.

332 1331 406 1369 His
441 1331 644 1379 exemplis
686 1331 958 1380 perspicuum
1001 1334 1066 1370 est
1107 1331 1262 1370 talibus
1303 1331 1346 1369 in
1392 1330 1710 1380 repetitionibus
1744 1333 1914 1380 poetam
1956 1335 2117 1370 certam
2158 1331 2238 1371 sibi
2268 1333 2522 1383 imposuisse
2562 1346 2685 1386 regu-

330 1396 427 1443 lam,
458 1406 541 1445 qua
569 1396 719 1435 eadem
746 1396 879 1435 verba
915 1398 958 1436 in
993 1407 1077 1435 uno
1115 1397 1352 1444 eodemque
1391 1407 1518 1435 versu
1560 1397 1624 1435 bis
1660 1396 1796 1445 posita
1832 1406 1916 1433 non
1951 1396 2142 1445 proxime
2176 1407 2274 1435 sese
2312 1398 2570 1448 exciperent,
2607 1399 2685 1439 sed

332 1461 513 1500 alterum
542 1461 595 1500 ab
624 1462 755 1501 altero
783 1473 868 1501 uno
897 1462 1107 1501 vocabulo
1139 1462 1416 1501 dirimeretur.
1429 1460 1463 1511 3)
1511 1461 1753 1500 Admodum
1772 1465 1916 1500 autem
1935 1461 2065 1501 falsus
2086 1466 2151 1501 est
2170 1462 2400 1513 Dissenius,
2419 1474 2519 1503 cum
2537 1462 2684 1514 dicit4)

331 1528 399 1576 „in
428 1526 553 1566 huius
581 1527 697 1567 modi
725 1527 853 1566 rebus
882 1539 966 1566 non
995 1528 1442 1568 consuetudinem
1462 1527 1675 1577 quandam
1694 1527 1849 1575 valere,
1870 1527 1946 1566 sed
1967 1529 2234 1567 sententia
2252 1529 2458 1584 cuiusque
2478 1529 2561 1569 loci
2579 1529 2681 1579 quid

331 1593 516 1642 postulet
533 1592 764 1632 videndum
785 1603 892 1640 esse,
921 1593 1032 1632 unde
1055 1594 1212 1642 liqueat
1230 1590 1312 1630 hoc
1332 1593 1424 1631 loco
1441 1592 1680 1631 necessario
1695 1591 1875 1631 verbum
1895 1593 2078 1642 primum
2094 1593 2237 1632 locum
2256 1604 2467 1644 occupare
2485 1594 2684 1634 debere.“

332 1656 525 1706 Namque
554 1658 738 1707 primum
768 1669 849 1696 non
881 1658 1015 1706 video,
1046 1658 1258 1707 quomodo
1288 1669 1471 1697 sensus
1500 1662 1735 1697 mutaretur
1776 1662 1847 1697 aut
1891 1658 2197 1708 infringeretur,
2240 1660 2277 1698 si
2313 1658 2422 1698 dites
2458 1661 2502 1700 in
2532 1670 2682 1700 versus

331 1723 447 1762 initio
480 1724 663 1772 positum
699 1727 831 1772 esset;
868 1723 1023 1762 deinde
1059 1729 1200 1763 autem
1238 1725 1306 1763 vel
1340 1725 1567 1774 plurimum
1602 1723 1896 1762 consuetudini
1939 1724 2213 1764 tribuendum
2246 1735 2344 1765 esse
2377 1736 2431 1764 ex
2465 1736 2517 1765 eo
2553 1714 2683 1776 patet,

334 1788 446 1838 quod
475 1800 560 1827 non
588 1789 715 1828 modo
751 1800 1057 1839 usquequaque
1094 1794 1293 1829 constans
1329 1793 1391 1829 est
1427 1790 1498 1828 ille
1532 1800 1635 1828 usus
1669 1788 1850 1836 dicendi,
1886 1788 1963 1828 sed
1999 1791 2125 1829 etiam
2155 1791 2348 1830 consulto
2382 1794 2510 1841 atque
2544 1790 2685 1830 dedita
2712 1783 2717 1787 “

334 1865 461 1904 opera
488 1858 657 1904 poetam
677 1856 885 1894 rationem
911 1855 1026 1894 illam
1047 1855 1274 1894 verborum
1302 1854 1661 1894 conlocandorum
1690 1854 1931 1904 amplexum
1960 1865 2054 1893 esse
2075 1856 2313 1895 certissimo
2340 1858 2482 1906 potest
2509 1855 2684 1895 demon-

333 1921 457 1959 strari
493 1924 752 1969 argumento.
818 1919 1066 1970 Ubicunque
1102 1921 1214 1960 enim
1253 1925 1402 1970 poetae
1437 1931 1513 1970 per
1545 1924 1730 1960 metrum
1772 1919 1926 1959 licebat
1961 1924 2186 1970 utramque
2221 1919 2424 1961 adhibere
2457 1921 2685 1961 verborum

333 1986 577 2035 posituram,
607 1986 722 2024 velut
750 1985 780 2033 I,
808 1986 920 2034 4‚82;
958 1986 987 2034 Ι,
1019 1986 1130 2035 7,64;
1159 1986 1207 2034 ΙΙ,
1235 1985 1354 2032 5,1ΟΟ
1382 1996 1553 2042 semper
1581 1996 1676 2024 eam
1704 1986 1865 2035 selegit,
1895 1986 2064 2035 qualem
2084 1984 2165 2025 hoc
2194 1986 2286 2025 loco
2315 1986 2490 2036 praebet
2518 1986 2611 2026 cod.
2633 1985 2681 2026 G.

332 2050 518 2099 Accedit,
562 2050 676 2099 quod
711 2049 949 2100 despiciam
993 2050 1101 2088 dites
1143 2052 1319 2091 metrica
1360 2062 1406 2090 re
1452 2052 1586 2101 magis
1625 2052 1944 2102 comprobatum
1987 2062 2171 2101 namque
2203 2052 2248 2091 in
2282 2052 2400 2092 initio
2432 2054 2685 2102 pentametri

334 2115 525 2166 dactylus
562 2115 752 2166 spondeo
790 2120 999 2166 sequente
1034 2117 1167 2156 multo
1202 2117 1464 2166 frequentius
1501 2120 1544 2155 et
1581 2115 1816 2164 elegantius
1845 2116 2089 2156 conlocatur
2117 2127 2244 2166 quam
2271 2115 2487 2166 spondeus
2516 2116 2682 2168 dactylo

332 2187 550 2233 sequente,
580 2184 827 2233 praesertim
856 2194 966 2232 cum,
995 2187 1041 2222 ut
1069 2183 1149 2223 hoc
1179 2184 1285 2231 loco,
1314 2183 1406 2232 ipse
1434 2182 1692 2231 hexameter,
1712 2183 1785 2232 qui
1814 2182 2039 2230 antecedit,
2059 2193 2084 2221 a
2103 2182 2270 2233 dactylo
2290 2181 2456 2222 initium
2483 2182 2632 2232 capiat.
2646 2180 2682 2233 5)

477 2250 583 2288 Huic
613 2249 706 2288 loco
737 2249 876 2289 adicio
905 2249 935 2297 I,
964 2248 1043 2297 8,9,
1071 2248 1144 2287 ubi
1173 2249 1350 2298 legimus
1379 2249 1422 2288 in

788 2337 823 2376 G
852 2337 979 2389 (Par.)
1012 2335 1095 2383 Qui
1100 2337 1127 2374 d
1156 2336 1232 2375 tibi
1261 2349 1377 2375 nunc
1402 2349 1432 2387 p
1442 2349 1464 2374 r
1473 2349 1494 2374 0
1504 2336 1532 2374 d
1542 2341 1612 2375 est
1642 2349 1682 2374 m
1694 2348 1716 2374 ο
1727 2337 1741 2375 l
1751 2337 1764 2375 l
1773 2327 1820 2374 es
1851 2337 2026 2375 coluisse
2055 2337 2231 2386 capillos

1584 2389 1878 2418 Η

768 2449 837 2488 AV
1050 2479 1078 2496 ,‚
1179 2479 1207 2498 ,‚
1306 2478 1332 2497 „
1403 2449 1585 2487 molles
1611 2448 1822 2498 prodest
1849 2447 2026 2485 coluisse
2054 2447 2230 2498 capillos

333 2536 423 2583 Quo
465 2537 558 2575 loco
602 2537 693 2576 cod.
738 2535 773 2575 G
815 2541 980 2576 rectum
1019 2541 1148 2587 atque
1190 2538 1418 2587 genuinum
1464 2504 1896 2576 exffieffi-ordinem
1932 2536 2161 2575 verborum
2202 2547 2226 2575 a
2260 2534 2550 2587 superioribus
2592 2534 2679 2575 edi-

333 2600 510 2640 tioribus
539 2613 713 2651 prorsus
753 2603 996 2652 neglectum
1037 2604 1192 2642 iterum
1233 2613 1285 2641 ex
1321 2601 1471 2641 Tibulli
1508 2602 1815 2641 consuetudine
1843 2624 1896 2630 -
1924 2601 2123 2651 quoniam
2166 2612 2307 2651 neque
2349 2611 2501 2641 sensus
2540 2610 2680 2650 neque

333 2670 518 2706 metrum
546 2667 675 2706 ullam
704 2678 851 2706 ansam
880 2667 952 2706 dat
980 2667 1235 2707 diiudicandi
1263 2690 1315 2696 -—
1344 2669 1446 2707 satis
1474 2679 1628 2718 magna
1657 2678 1755 2708 cum
1784 2668 2033 2719 probalitate
2063 2667 2348 2708 demonstrari
2374 2667 2527 2718 potest.
2574 2666 2680 2706 Cum

332 2732 460 2782 igitur
494 2731 576 2771 hoc
612 2733 704 2772 loco
741 2733 1052 2773 conlocationes
1086 2733 1312 2773 verborum
1345 2733 1402 2772 ita
1438 2733 1548 2772 inter
1581 2745 1628 2773 se
1664 2733 1873 2782 differant,
1908 2737 1954 2772 ut
1987 2733 2029 2772 in
2064 2732 2184 2772 codd.
2223 2732 2293 2772 AV
2321 2742 2398 2783 per
2431 2730 2680 2780 chiasmum,

335 2809 462 2848 quem
489 2802 656 2847 vocant,
684 2799 822 2848 posita
850 2799 933 2837 sint
966 2798 1110 2847 verba,
1146 2799 1278 2838 altera
1306 2803 1448 2838 autem
1475 2799 1519 2838 in
1547 2800 1736 2850 positura
1762 2799 1991 2838 verborum
2011 2797 2226 2838 chiasmus
2254 2809 2339 2837 non
2357 2800 2483 2846 extet,
2502 2797 2680 2836 circum·

335 2863 599 2914 spiciendum
629 2863 722 2912 erit,
750 2866 891 2902 utram
920 2863 962 2902 in
991 2864 1190 2903 similium
1218 2864 1445 2903 verborum
1474 2865 1669 2903 iunctura
1697 2867 1821 2914 poeta
1848 2864 1982 2914 magis
2018 2863 2277 2903 adamaverit
2305 2863 2512 2908 rationem
2538 2861 2680 2902 conlo—

483 3081 510 3126 1)
534 3081 774 3119 Tibullische
800 3081 951 3118 Blatter
974 3092 1011 3127 p.
1038 3081 1094 3118 62.

483 3140 511 3187 2)
534 3142 631 3187 prol.
656 3151 694 3186 p.
720 3140 776 3177 14.

483 3200 515 3246 ⁸)
541 3201 588 3236 cf.
615 3201 715 3236 infra
738 3211 776 3246 p.
802 3200 849 3236 35
875 3200 951 3235 sub
977 3209 1083 3236 num.
1109 3199 1170 3235 111.

482 3259 511 3304 4)
537 3263 747 3296 comment.
773 3270 810 3305 p.
834 3260 893 3295 29.

483 3318 513 3362 ⁶)
543 3319 591 3355 cf.
616 3319 657 3355 L.
683 3319 850 3355 Mueller
874 3319 924 3355 de
949 3328 992 3354 re
1018 3319 1186 3355 metrica
1212 3318 1249 3364 p.
1274 3317 1355 3359 145,
1387 3318 1581 3355 Drobisch
1606 3319 1645 3353 in
1669 3321 1746 3355 act.
1773 3319 1953 3354 societat.
1979 3328 2116 3355 saxon.
2142 3317 2248 3362 Lips.
2273 3325 2308 3353 a.
2339 3315 2426 3352 1871
2455 3316 2530 3352 vol.
2548 3315 2680 3361 XXIII,

338 3388 376 3423 p.
401 3377 419 3412 1
448 3387 548 3423 sqq„
573 3378 640 3414 ubi
666 3379 741 3414 vid.
767 3389 805 3424 p.
829 3377 885 3414 12.
