2736 3788
1127 195 1396 235 -11-

84 318 222 370 cnidi.
274 319 365 358 Iam
397 317 506 358 haec
540 320 579 359 si
611 319 850 369 respexeris
885 319 1089 368 exempla,
1129 318 1287 358 codicis
1315 318 1351 358 G
1386 320 1488 370 quin
1522 320 1847 370 praeferendum
1882 322 1937 361 sit
1970 289 2270 370 testimonium,
2298 322 2425 369 nulla,

22 401 30 422 :
82 385 245 457 opinor,
271 383 347 424 tibi
374 384 577 424 residebit
604 383 826 423 dubitatio:

648 471 679 520 1,
705 471 799 518 4‚47
827 469 914 509 Nec
941 475 981 509 te
1003 472 1226 521 paeniteat
1254 441 1780 511 ‹limfa-{fiores

1178 525 1765 578 hfi—-N

647 582 679 630 I,
705 582 799 630 333
824 581 881 619 At
908 582 1018 619 mihi
1048 583 1269 631 continyat
1293 583 1460 632 patrios
1489 582 1700 620 celeb-rare
1727 582 1911 622 Penates

556 696 567 697 ’
628 682 679 740 II,
705 692 771 740 4,·7
830 690 864 730 Ο
892 703 967 742 eqo
995 667 1049 730 ne
1073 692 1235 742 possim
1264 691 1368 729 tales
1397 693 1555 730 sentire
1582 692 1747 730 dolores

1150 745 1443 772 Ἡ

628 802 679 850 11,
705 802 800 850 3,44
827 801 1070 840 Praedator
1097 802 1216 852 cupit
1244 803 1474 840 immensos
1502 802 1694 841 obsidere
1722 814 1893 852 campos

1174 855 1580 883 N——aef

1407 882 1766 908 f——N

542 912 671 964 Lygd.
698 912 793 959 4,65
818 911 981 951 Saevus
1009 925 1133 950 amor
1160 912 1304 950 docuit
1332 912 1497 951 validos
1526 917 1690 951 tentare
1717 913 1879 952 labores

77 1003 267 1056 Quorum
299 1001 591 1051 exemplorum
619 1011 684 1048 ea,
712 1011 821 1050 quae
848 1001 972 1039 tertio
1000 1004 1043 1039 et
1070 1000 1218 1050 quinto
1246 1000 1340 1039 loco
1368 1000 1547 1048 laudavi,
1577 1011 1628 1039 eo
1662 1005 1762 1039 sunt
1789 1001 2061 1049 evidentiora,
2089 1001 2203 1051 quod
2238 1006 2424 1042 metrum

75 1079 164 1110 uon
190 1066 353 1108 obstitit
384 1069 549 1117 poetae,
586 1065 811 1114 quominus
844 1069 1024 1114 utraque
1057 1069 1247 1104 uteretur
1281 1066 1467 1114 positura
1500 1065 1742 1105 verborum.
1813 1066 1897 1105 Sed
1939 1067 2150 1116 exempla,
2185 1077 2294 1116 quae
2330 1067 2423 1106 cod.

76 1132 115 1174 G
147 1131 232 1174 hoc
266 1131 361 1171 loco
393 1130 660 1181 sequendum
701 1140 797 1169 esse
836 1129 1100 1177 confirmant,
1137 1129 1263 1167 latius
1300 1133 1456 1178 patent,
1492 1129 1529 1168 si
1568 1141 1716 1169 eorum
1752 1141 1923 1181 quoque
1964 1133 2169 1171 rationem
2202 1131 2423 1181 habemus,

77 1197 232 1250 quibus
256 1197 294 1236 si
319 1207 408 1236 non
431 1195 568 1243 verbi,
596 1206 621 1234 a
648 1206 732 1245 quo
760 1194 919 1245 pendet
946 1194 1190 1242 infinitivus,
1219 1197 1264 1232 at
1294 1198 1411 1233 certe
1437 1194 1637 1233 adiectivi
1666 1196 1757 1234 solo
1775 1195 1980 1235 infinitivo
1999 1208 2023 1235 a
2041 1197 2307 1236 substantivo
2334 1208 2414 1236 suo

78 1263 262 1304 seiuncti
287 1261 439 1302 eadem
466 1263 522 1301 sit
548 1261 795 1308 conlocatio,
823 1271 953 1311 quam
981 1259 1073 1299 cod.
1103 1259 1139 1298 G
1168 1258 1351 1307 exhibet,
1379 1260 1496 1299 velut

528 1349 559 1397 Ι,
587 1348 701 1397 10,61
733 1347 803 1387 Sit
836 1348 941 1386 satis
977 1359 999 1386 e
1026 1347 1228 1386 membris
1257 1351 1428 1385 tenuem
1452 1348 1785 1397 praescindere
1796 1347 1831 1399 ¹)
1859 1353 2027 1389 vestem.

529 1437 560 1485 I,
588 1437 682 1484 9‚3o
709 1434 835 1473 Nunc
859 1435 998 1486 pudet
1026 1435 1084 1473 ad
1111 1407 1277 1472 tenes-oss
1301 1435 1577 1484 procubuisse
1600 1436 1743 1485 pedes.

523 1524 556 1572 I,
583 1524 677 1572 1,3o
704 1522 791 1560 Aut
819 1523 992 1561 stimulo
1020 1521 1165 1560 tardos
1193 1522 1456 1571 increpuisse
1485 1522 1604 1560 boves

506 1611 557 1660 Π,
584 1611 677 1659 132
705 1610 839 1649 Gestit
866 1615 906 1648 et
932 1614 1092 1648 atroces
1115 1610 1414 1660 perdomuisse
1441 1612 1568 1650 viros.

0 1684 19 1736 2
75 1677 168 1718 nae
215 1681 359 1732 autem
400 1689 426 1717 a
466 1676 772 1717 consuetudine
817 1680 907 1715 tam
964 1676 1110 1715 multis
1158 1676 1363 1725 exemplis
1410 1676 1618 1715 illustrata
1670 1676 1784 1726 quod
1830 1676 1915 1716 duo
1962 1681 2127 1718 tantum
2172 1678 2415 1729 abhorrent,

72 1743 238 1783 scilicet

649 1808 681 1855 I,
707 1807 801 1855 1‚50
832 1805 915 1852 Qui
944 1807 1080 1844 maris
1108 1811 1146 1844 et
1174 1806 1315 1844 tristes
1343 1806 1458 1855 ferre
1482 1811 1617 1855 potest
1640 1808 1814 1857 pluvias

628 1872 679 1917 Π,
706 1871 800 1920 3,6Ο
826 1870 900 1910 Illi
928 1871 1096 1909 selectos
1124 1874 1284 1908 certent
1306 1870 1511 1920 praebere
1539 1872 1695 1910 colores

73 1939 349 1980 statuendum
384 1939 465 1978 erit
499 1937 566 1978 his
602 1938 706 1977 locis
740 1938 906 1976 nonnisi
940 1937 1117 1975 metrica
1152 1937 1408 1975 necessitate
1443 1940 1638 1975 coactum
1672 1941 1841 1986 poetam
1875 1949 1900 1976 a
1926 1949 1974 1977 se
2014 1938 2274 1979 discessisse.
2330 1941 2415 1980 Sed

74 2004 242 2052 accedit
267 2004 449 2043 alterum
477 2006 772 2053 argumentum
801 2000 925 2040 huius
952 2002 1084 2050 ipsius
1113 1999 1283 2039 distichi
1312 2012 1364 2039 ex
1384 2006 1596 2041 structura
1624 2003 1862 2052 repetitum.
1908 2003 1951 2043 Si
1970 2004 2084 2042 enim
2103 2004 2195 2043 cod.
2216 2004 2251 2043 G
2270 2006 2411 2055 sequi-

71 2080 180 2118 mur,
209 2069 392 2109 maxima
419 2079 518 2107 cum
555 2068 840 2106 concinnitate
875 2067 985 2105 inter
1020 2078 1069 2106 se
1096 2066 1356 2116 respondent
1384 2088 1435 2093 —
1463 2067 1505 2104 id
1543 2066 1656 2115 quod
1692 2078 1996 2116 saepenumero
2030 2068 2079 2107 fit
2107 2092 2160 2097 —
2186 2070 2317 2109 verba

71 2133 306 2174 hexametri
385 2162 923 2173 .........
978 2131 1124 2170 molles
1179 2131 1354 2169 coluisse
1441 2131 1631 2180 capillos.

7 2260 13 2263 .
73 2226 118 2262 et
143 2221 396 2273 pentametri
453 2251 926 2260 ........
998 2182 1188 2257 „iactatas
1207 2181 1464 2269 di'sposuisse
1479 2182 1634 2258 coritas.

70 2287 262 2328 Similem
288 2285 497 2326 habemus
523 2286 843 2336 responsionem
870 2285 901 2333 I,
928 2286 1033 2332 4,47.
1059 2285 1115 2324 48
1170 2290 1177 2297 “

746 2349 832 2388 Nec
859 2354 899 2387 te
921 2350 1146 2399 paeniteat
1173 2349 1303 2387 duros
1330 2348 1507 2386 subiisse
1535 2347 1697 2386 labores

856 2437 944 2475 Aut
972 2449 1102 2490 opera
1129 2400 1320 2475 insu'etas
1342 2399 1565 2476 atteritisse
1594 2399 1762 2476 ritanus.

212 2503 375 2544 Dehinc
401 2485 720 2554 progrediemur
747 2503 800 2542 ad
829 2504 943 2542 illam
972 2503 1299 2553 discrepantiam
1327 2501 1664 2548 discernendam,
1694 2512 1803 2551 quae
1830 2507 1945 2543 extat
1973 2505 2003 2553 Ι,
2030 2505 2098 2553 3,9

580 2567 615 2606 G
646 2568 768 2606 Delia
809 2580 897 2606 non
938 2580 1144 2618 usquam,
1190 2580 1301 2617 quae
1334 2580 1447 2606 cum
1481 2579 1555 2606 me
1582 2568 1765 2605 mitteret
1792 2568 1895 2606 urbe

556 2634 628 2672 AV
697 2663 727 2680 „
830 2663 860 2681 „
1026 2663 1055 2682 „
1234 2664 1264 2681 „
1331 2646 1406 2672 me
1434 2645 1546 2670 cum

71 2699 163 2747 Quo
202 2699 296 2738 loco
338 2697 391 2737 ab
431 2698 627 2737 omnibus
668 2702 711 2737 et
752 2697 983 2736 editoribus
1023 2701 1066 2736 et
1103 2697 1403 2746 interpretibus
1447 2696 1549 2736 mihi
1598 2702 1663 2736 est
1704 2697 2007 2737 dissidendum.
2078 2699 2219 2748 Atque
2244 2722 2299 2728 —
2325 2700 2408 2741 hoc

70 2769 118 2804 ut
143 2764 289 2804 statim
316 2774 515 2802 moneam
542 2767 671 2812 atque
698 2763 916 2802 absolvam
936 2785 990 2791 —
1009 2761 1250 2801 Huschkius
1279 2763 1465 2814 Heynius
1486 2762 1711 2801 Muellerus
1730 2767 1902 2812 propter
1928 2764 2225 2813 insequentem
2254 2764 2312 2817 (v.
2332 2766 2404 2816 10)

69 2840 223 2869 vocem
249 2833 350 2867 ante
376 2839 475 2867 cum
503 2828 644 2867 Dousa
669 2828 927 2877 scripserunt
956 2839 1083 2876 quam
1115 2839 1192 2876 pro
1221 2839 1331 2866 cum.
1386 2827 1471 2866 Sed
1499 2828 1589 2876 ipse
1617 2838 1746 2865 sonus
1775 2828 2001 2866 verborum
2038 2840 2239 2878 usquam
2271 2842 2406 2880 quae

69 2906 139 2933 me
165 2907 320 2945 quam
346 2898 437 2933 tam
463 2894 648 2943 graviter
674 2894 770 2932 serit
803 2903 940 2940 aures,
976 2897 1022 2931 ut
1047 2893 1179 2931 talem
1214 2893 1544 2931 cumulationem
1571 2893 1871 2931 vocabulorum
1905 2893 2171 2933 dissonorum
2204 2895 2322 2934 nefas
2348 2896 2405 2935 sit

70 2960 235 3000 Tibullo
262 2970 353 3010 per
380 2959 741 2998 coniecturam
770 2959 991 3007 imputare.
1047 2957 1167 2996 Hanc
1201 2962 1344 2996 autem
1378 2957 1653 2996 offensionem
1685 2958 1868 3007 Heynius
1897 2958 2025 2997 verbo
2053 2959 2317 2998 substantivo
2346 2965 2406 2999 est

68 3028 167 3075 post
193 3036 378 3074 usquam
407 3025 566 3062 inserto
595 3023 725 3061 lenire
753 3022 926 3070 studuit,
956 3033 1084 3071 quem
1112 3021 1454 3062 Wunderlichius
1464 3020 1499 3071 2)
1535 3026 1707 3060 secutus
1744 3026 1822 3070 est,
1850 3034 1975 3071 „cum
2003 3025 2154 3073 copula
2181 3025 2234 3063 ad
2262 3026 2403 3075 priora

70 3098 242 3140 quoque
268 3101 357 3127 non
385 3089 454 3127 hic
482 3088 593 3126 mihi
621 3092 760 3126 mater
787 3089 845 3139 (v,
872 3088 917 3138 5)
946 3092 990 3127 et
1018 3099 1104 3125 non
1132 3099 1251 3124 soror
1278 3087 1335 3137 (v.
1354 3086 1396 3136 7)
1425 3088 1671 3136 pertineat.“
1718 3086 1801 3125 Sed
1820 3088 2003 3137 primum
2029 3099 2083 3127 ne
2109 3088 2403 3129 desideramus

215 3282 251 3327 ¹)
275 3283 385 3318 Hanc
407 3284 625 3328 perbonam
649 3283 734 3318 cod.
760 3281 791 3316 G
814 3282 1051 3327 scripturam
1075 3280 1291 3325 genuinam
1316 3281 1458 3316 iudico.

215 3340 247 3386 ²)
269 3342 319 3378 cf.
343 3342 534 3378 observat.
557 3351 595 3386 p.
620 3340 678 3376 60.
699 3348 706 3355 ’

2498 2547 2529 2592 1,

2554 2549 2619 2594 3,9
