<?xml version="1.0" encoding="UTF-8"?>
<!DOCTYPE html PUBLIC "-//W3C//DTD XHTML 1.0 Transitional//EN"
    "http://www.w3.org/TR/xhtml1/DTD/xhtml1-transitional.dtd">
<html xmlns="http://www.w3.org/1999/xhtml" xml:lang="en" lang="en">
 <head>
  <title>
</title>
<meta http-equiv="Content-Type" content="text/html;charset=utf-8" />
  <meta name='ocr-system' content='tesseract 3.04.00' />
  <meta name='ocr-capabilities' content='ocr_page ocr_carea ocr_par ocr_line ocrx_word'/>
</head>
<body>
  <div class='ocr_page' id='page_1' title='image "./detibullicodicum00widduoft_0037.png"; bbox 0 0 2730 3744; ppageno 0'>
   <div class='ocr_carea' id='block_1_1' title="bbox 1150 214 1415 253">
    <p class='ocr_par' dir='ltr' id='par_1_1' title="bbox 1150 214 1415 253">
     <span class='ocr_line' id='line_1_1' title="bbox 1150 214 1415 253; baseline -0.004 -10"><span class='ocrx_word' id='word_1_1' title='bbox 1150 214 1415 253; x_wconf 66' lang='lat'><strong>...35-</strong></span> 
     </span>
    </p>
   </div>
   <div class='ocr_carea' id='block_1_2' title="bbox 62 337 2461 845">
    <p class='ocr_par' dir='ltr' id='par_1_2' title="bbox 62 337 2461 717">
     <span class='ocr_line' id='line_1_2' title="bbox 62 337 2461 396; baseline -0 -15"><span class='ocrx_word' id='word_1_2' title='bbox 62 392 66 396; x_wconf 89' lang='lat'><strong>.</strong></span> <span class='ocrx_word' id='word_1_3' title='bbox 116 350 247 392; x_wconf 76' lang='lat' dir='ltr'><strong>quam</strong></span> <span class='ocrx_word' id='word_1_4' title='bbox 273 342 516 384; x_wconf 75' lang='lat' dir='ltr'>enunciavit</span> <span class='ocrx_word' id='word_1_5' title='bbox 550 344 696 391; x_wconf 90' lang='lat' dir='ltr'><strong>poeta,</strong></span> <span class='ocrx_word' id='word_1_6' title='bbox 737 350 868 390; x_wconf 91' lang='lat' dir='ltr'><strong>quan</strong></span> <span class='ocrx_word' id='word_1_7' title='bbox 880 338 941 378; x_wconf 93' lang='lat' dir='ltr'><strong>do</strong></span> <span class='ocrx_word' id='word_1_8' title='bbox 978 342 1222 388; x_wconf 82' lang='lat' dir='ltr'><strong>vagaretur,</strong></span> <span class='ocrx_word' id='word_1_9' title='bbox 1251 337 1433 377; x_wconf 85' lang='lat' dir='ltr'><strong>fortasse</strong></span> <span class='ocrx_word' id='word_1_10' title='bbox 1468 339 1597 378; x_wconf 88' lang='lat' dir='ltr'><strong>etiam</strong></span> <span class='ocrx_word' id='word_1_11' title='bbox 1632 339 1847 387; x_wconf 90' lang='lat' dir='ltr'><strong>indicavit,</strong></span> <span class='ocrx_word' id='word_1_12' title='bbox 1885 348 1984 387; x_wconf 87' lang='lat' dir='ltr'><strong>qua</strong></span> <span class='ocrx_word' id='word_1_13' title='bbox 2018 340 2104 378; x_wconf 90' lang='lat' dir='ltr'><strong>via</strong></span> <span class='ocrx_word' id='word_1_14' title='bbox 2137 344 2362 390; x_wconf 82' lang='lat' dir='ltr'><strong>vagaretur</strong></span> <span class='ocrx_word' id='word_1_15' title='bbox 2396 341 2461 393; x_wconf 88' lang='lat' dir='ltr'><strong>(ut</strong></span> 
     </span>
     <span class='ocr_line' id='line_1_3' title="bbox 114 403 2461 456; baseline -0.001 -10"><span class='ocrx_word' id='word_1_16' title='bbox 114 405 358 456; x_wconf 80' lang='lat' dir='ltr'><strong>Propertius</strong></span> <span class='ocrx_word' id='word_1_17' title='bbox 385 405 486 445; x_wconf 91' lang='lat' dir='ltr'><strong>dicit</strong></span> <span class='ocrx_word' id='word_1_18' title='bbox 518 417 561 445; x_wconf 86' lang='lat' dir='ltr'><strong>v.</strong></span> <span class='ocrx_word' id='word_1_19' title='bbox 593 405 646 446; x_wconf 92' lang='lat'><strong>18</strong></span> <span class='ocrx_word' id='word_1_20' title='bbox 681 404 796 443; x_wconf 85' lang='lat' dir='ltr'><strong>Huic</strong></span> <span class='ocrx_word' id='word_1_21' title='bbox 828 403 976 454; x_wconf 65' lang='lat' dir='ltr'><strong>generi</strong></span> <span class='ocrx_word' id='word_1_22' title='bbox 1014 403 1162 453; x_wconf 82' lang='lat' dir='ltr'><strong>quovis</strong></span> <span class='ocrx_word' id='word_1_23' title='bbox 1198 407 1427 453; x_wconf 86' lang='lat' dir='ltr'><strong>tempore</strong></span> <span class='ocrx_word' id='word_1_24' title='bbox 1461 407 1556 441; x_wconf 83' lang='lat' dir='ltr'><strong>tuta</strong></span> <span class='ocrx_word' id='word_1_25' title='bbox 1588 404 1675 444; x_wconf 79' lang='lat' dir='ltr'><strong>via</strong></span> <span class='ocrx_word' id='word_1_26' title='bbox 1711 403 1808 454; x_wconf 87' lang='lat' dir='ltr'><strong>est);</strong></span> <span class='ocrx_word' id='word_1_27' title='bbox 1836 415 1934 443; x_wconf 89' lang='lat' dir='ltr'><strong>cum</strong></span> <span class='ocrx_word' id='word_1_28' title='bbox 1967 405 2094 454; x_wconf 85' lang='lat' dir='ltr'><strong>igitur</strong></span> <span class='ocrx_word' id='word_1_29' title='bbox 2129 405 2183 444; x_wconf 93' lang='lat' dir='ltr'><strong>de</strong></span> <span class='ocrx_word' id='word_1_30' title='bbox 2217 415 2265 444; x_wconf 89' lang='lat' dir='ltr'><strong>re</strong></span> <span class='ocrx_word' id='word_1_31' title='bbox 2307 405 2461 445; x_wconf 87' lang='lat' dir='ltr'><strong>furtiva</strong></span> 
     </span>
     <span class='ocr_line' id='line_1_4' title="bbox 113 468 2460 522; baseline -0 -11"><span class='ocrx_word' id='word_1_32' title='bbox 113 474 275 522; x_wconf 76' lang='lat' dir='ltr'><strong>agatur,</strong></span> <span class='ocrx_word' id='word_1_33' title='bbox 302 482 388 510; x_wconf 90' lang='lat' dir='ltr'><strong>non</strong></span> <span class='ocrx_word' id='word_1_34' title='bbox 414 481 494 521; x_wconf 86' lang='lat' dir='ltr'><strong>per</strong></span> <span class='ocrx_word' id='word_1_35' title='bbox 520 472 613 511; x_wconf 88' lang='lat' dir='ltr'><strong>vias</strong></span> <span class='ocrx_word' id='word_1_36' title='bbox 638 470 844 521; x_wconf 90' lang='lat' dir='ltr'><strong>publicas,</strong></span> <span class='ocrx_word' id='word_1_37' title='bbox 871 468 949 508; x_wconf 91' lang='lat' dir='ltr'><strong>sed</strong></span> <span class='ocrx_word' id='word_1_38' title='bbox 968 479 1045 518; x_wconf 88' lang='lat' dir='ltr'><strong>per</strong></span> <span class='ocrx_word' id='word_1_39' title='bbox 1071 468 1313 518; x_wconf 87' lang='lat' dir='ltr'><strong>angiportas</strong></span> <span class='ocrx_word' id='word_1_40' title='bbox 1340 479 1388 507; x_wconf 93' lang='lat' dir='ltr'><strong>se</strong></span> <span class='ocrx_word' id='word_1_41' title='bbox 1416 473 1644 518; x_wconf 84' lang='lat' dir='ltr'><strong>vagantem</strong></span> <span class='ocrx_word' id='word_1_42' title='bbox 1673 472 1800 518; x_wconf 91' lang='lat' dir='ltr'><strong>poeta</strong></span> <span class='ocrx_word' id='word_1_43' title='bbox 1826 469 1980 508; x_wconf 83' lang='lat' dir='ltr'><strong>fixerit.</strong></span> <span class='ocrx_word' id='word_1_44' title='bbox 2031 470 2108 508; x_wconf 91' lang='lat' dir='ltr'><strong>Hic</strong></span> <span class='ocrx_word' id='word_1_45' title='bbox 2135 474 2278 509; x_wconf 91' lang='lat' dir='ltr'><strong>autem</strong></span> <span class='ocrx_word' id='word_1_46' title='bbox 2305 481 2460 510; x_wconf 89' lang='lat' dir='ltr'><strong>sensus</strong></span> 
     </span>
     <span class='ocr_line' id='line_1_5' title="bbox 111 532 2460 589; baseline -0 -14"><span class='ocrx_word' id='word_1_47' title='bbox 111 535 372 589; x_wconf 76' lang='lat' dir='ltr'><strong>restituetur,</strong></span> <span class='ocrx_word' id='word_1_48' title='bbox 399 536 436 574; x_wconf 91' lang='lat' dir='ltr'><strong>si</strong></span> <span class='ocrx_word' id='word_1_49' title='bbox 464 547 542 586; x_wconf 88' lang='lat' dir='ltr'><strong>per</strong></span> <span class='ocrx_word' id='word_1_50' title='bbox 569 536 710 575; x_wconf 91' lang='lat' dir='ltr'><strong>lenem</strong></span> <span class='ocrx_word' id='word_1_51' title='bbox 738 535 1015 574; x_wconf 83' lang='lat' dir='ltr'><strong>mutationem</strong></span> <span class='ocrx_word' id='word_1_52' title='bbox 1033 544 1132 573; x_wconf 90' lang='lat' dir='ltr'><strong>cum</strong></span> <span class='ocrx_word' id='word_1_53' title='bbox 1150 532 1462 583; x_wconf 88' lang='lat' dir='ltr'><strong>Broukhusio1)</strong></span> <span class='ocrx_word' id='word_1_54' title='bbox 1491 535 1787 584; x_wconf 86' lang='lat' dir='ltr'><strong>scripserimus</strong></span> <span class='ocrx_word' id='word_1_55' title='bbox 1814 533 1985 583; x_wconf 85' lang='lat' dir='ltr'><strong>avius,</strong></span> <span class='ocrx_word' id='word_1_56' title='bbox 2002 535 2062 574; x_wconf 90' lang='lat' dir='ltr'><strong>ita</strong></span> <span class='ocrx_word' id='word_1_57' title='bbox 2080 539 2126 573; x_wconf 90' lang='lat' dir='ltr'><strong>ut</strong></span> <span class='ocrx_word' id='word_1_58' title='bbox 2155 533 2223 573; x_wconf 90' lang='lat' dir='ltr'><strong>hic</strong></span> <span class='ocrx_word' id='word_1_59' title='bbox 2252 535 2460 574; x_wconf 86' lang='lat' dir='ltr'><strong>efficiatur</strong></span> 
     </span>
     <span class='ocr_line' id='line_1_6' title="bbox 111 598 2459 649; baseline -0 -9"><span class='ocrx_word' id='word_1_60' title='bbox 111 610 284 640; x_wconf 83' lang='lat' dir='ltr'><strong>sensus:</strong></span> <span class='ocrx_word' id='word_1_61' title='bbox 319 600 505 649; x_wconf 83' lang='lat' dir='ltr'><strong>Adspice</strong></span> <span class='ocrx_word' id='word_1_62' title='bbox 538 611 630 649; x_wconf 92' lang='lat' dir='ltr'><strong>me,</strong></span> <span class='ocrx_word' id='word_1_63' title='bbox 664 601 800 648; x_wconf 86' lang='lat' dir='ltr'><strong>Delia;</strong></span> <span class='ocrx_word' id='word_1_64' title='bbox 842 610 913 638; x_wconf 89' lang='lat' dir='ltr'><strong>me</strong></span> <span class='ocrx_word' id='word_1_65' title='bbox 954 609 1124 648; x_wconf 90' lang='lat' dir='ltr'><strong>quoque</strong></span> <span class='ocrx_word' id='word_1_66' title='bbox 1158 598 1311 637; x_wconf 88' lang='lat' dir='ltr'><strong>fortem</strong></span> <span class='ocrx_word' id='word_1_67' title='bbox 1345 598 1515 638; x_wconf 86' lang='lat' dir='ltr'><strong>adiuvat</strong></span> <span class='ocrx_word' id='word_1_68' title='bbox 1547 599 1708 646; x_wconf 91' lang='lat' dir='ltr'><strong>Venus,</strong></span> <span class='ocrx_word' id='word_1_69' title='bbox 1744 598 1908 638; x_wconf 88' lang='lat' dir='ltr'><strong>etiamsi</strong></span> <span class='ocrx_word' id='word_1_70' title='bbox 1942 602 2092 638; x_wconf 87' lang='lat' dir='ltr'><strong>nocte</strong></span> <span class='ocrx_word' id='word_1_71' title='bbox 2127 610 2205 648; x_wconf 84' lang='lat' dir='ltr'><strong>per</strong></span> <span class='ocrx_word' id='word_1_72' title='bbox 2239 604 2459 640; x_wconf 87' lang='lat' dir='ltr'><strong>remotas</strong></span> 
     </span>
     <span class='ocr_line' id='line_1_7' title="bbox 109 662 2456 717; baseline 0 -13"><span class='ocrx_word' id='word_1_73' title='bbox 109 666 222 706; x_wconf 81' lang='lat' dir='ltr'><strong>vias</strong></span> <span class='ocrx_word' id='word_1_74' title='bbox 249 675 322 714; x_wconf 90' lang='lat' dir='ltr'><strong>eo,</strong></span> <span class='ocrx_word' id='word_1_75' title='bbox 347 665 422 704; x_wconf 88' lang='lat' dir='ltr'><strong>ubi</strong></span> <span class='ocrx_word' id='word_1_76' title='bbox 447 665 582 705; x_wconf 88' lang='lat' dir='ltr'><strong>multa</strong></span> <span class='ocrx_word' id='word_1_77' title='bbox 607 664 714 717; x_wconf 84' lang='lat' dir='ltr'><strong>mihi</strong></span> <span class='ocrx_word' id='word_1_78' title='bbox 738 665 959 704; x_wconf 80' lang='lat' dir='ltr'><strong>imminent</strong></span> <span class='ocrx_word' id='word_1_79' title='bbox 986 664 1188 713; x_wconf 86' lang='lat' dir='ltr'><strong>pericula.</strong></span> <span class='ocrx_word' id='word_1_80' title='bbox 1226 662 1315 702; x_wconf 85' lang='lat' dir='ltr'><strong>Iam</strong></span> <span class='ocrx_word' id='word_1_81' title='bbox 1333 663 1387 702; x_wconf 88' lang='lat' dir='ltr'><strong>cf.</strong></span> <span class='ocrx_word' id='word_1_82' title='bbox 1408 662 1519 703; x_wconf 90' lang='lat' dir='ltr'><strong>haec</strong></span> <span class='ocrx_word' id='word_1_83' title='bbox 1538 663 1746 713; x_wconf 84' lang='lat' dir='ltr'><strong>exempla,</strong></span> <span class='ocrx_word' id='word_1_84' title='bbox 1763 663 1836 702; x_wconf 90' lang='lat' dir='ltr'><strong>ubi</strong></span> <span class='ocrx_word' id='word_1_85' title='bbox 1863 663 2056 703; x_wconf 87' lang='lat' dir='ltr'><strong>similiter</strong></span> <span class='ocrx_word' id='word_1_86' title='bbox 2073 663 2195 701; x_wconf 83' lang='lat' dir='ltr'><strong>avius</strong></span> <span class='ocrx_word' id='word_1_87' title='bbox 2209 669 2456 715; x_wconf 87' lang='lat' dir='ltr'><strong>usurpatur:</strong></span> 
     </span>
    </p>

    <p class='ocr_par' dir='ltr' id='par_1_3' title="bbox 656 728 1974 778">
     <span class='ocr_line' id='line_1_8' title="bbox 656 728 1974 778; baseline -0.001 -9"><span class='ocrx_word' id='word_1_88' title='bbox 656 730 822 769; x_wconf 87' lang='lat' dir='ltr'><strong>Lucret.</strong></span> <span class='ocrx_word' id='word_1_89' title='bbox 851 729 902 778; x_wconf 95' lang='grc' dir='ltr'><strong>ΙΙ,</strong></span> <span class='ocrx_word' id='word_1_90' title='bbox 930 728 983 768; x_wconf 92' lang='grc'><strong>82</strong></span> <span class='ocrx_word' id='word_1_91' title='bbox 1010 728 1176 766; x_wconf 74' lang='lat' dir='ltr'><strong>Avius</strong></span> <span class='ocrx_word' id='word_1_92' title='bbox 1204 739 1232 765; x_wconf 87' lang='lat' dir='ltr'><strong>a</strong></span> <span class='ocrx_word' id='word_1_93' title='bbox 1259 740 1362 766; x_wconf 88' lang='lat' dir='ltr'><strong>vera</strong></span> <span class='ocrx_word' id='word_1_94' title='bbox 1391 729 1515 778; x_wconf 74' lang='lat' dir='ltr'><strong>lonqe</strong></span> <span class='ocrx_word' id='word_1_95' title='bbox 1542 729 1712 766; x_wconf 84' lang='lat' dir='ltr'><strong>ratione</strong></span> <span class='ocrx_word' id='word_1_96' title='bbox 1739 728 1974 777; x_wconf 75' lang='lat' dir='ltr'><strong>vaqaris.</strong></span> 
     </span>
    </p>

    <p class='ocr_par' dir='ltr' id='par_1_4' title="bbox 482 793 1971 845">
     <span class='ocr_line' id='line_1_9' title="bbox 482 793 1971 845; baseline -0.001 -11"><span class='ocrx_word' id='word_1_97' title='bbox 482 795 603 845; x_wconf 85' lang='lat' dir='ltr'><strong>Verg.</strong></span> <span class='ocrx_word' id='word_1_98' title='bbox 632 795 737 834; x_wconf 87' lang='lat' dir='ltr'><strong>Aen.</strong></span> <span class='ocrx_word' id='word_1_99' title='bbox 767 794 838 842; x_wconf 88' lang='lat' dir='ltr'><strong>XI,</strong></span> <span class='ocrx_word' id='word_1_100' title='bbox 865 793 947 833; x_wconf 85' lang='lat'><strong>810</strong></span> <span class='ocrx_word' id='word_1_101' title='bbox 975 823 984 832; x_wconf 97' lang='lat'><strong>.</strong></span> <span class='ocrx_word' id='word_1_102' title='bbox 1015 824 1024 832; x_wconf 96' lang='lat'><strong>.</strong></span> <span class='ocrx_word' id='word_1_103' title='bbox 1055 824 1065 832; x_wconf 90' lang='lat'><strong>.</strong></span> <span class='ocrx_word' id='word_1_104' title='bbox 1095 793 1144 830; x_wconf 81' lang='lat' dir='ltr'><strong>in</strong></span> <span class='ocrx_word' id='word_1_105' title='bbox 1172 793 1332 830; x_wconf 86' lang='lat' dir='ltr'><strong>montis</strong></span> <span class='ocrx_word' id='word_1_106' title='bbox 1360 805 1447 832; x_wconf 91' lang='lat' dir='ltr'><strong>sese</strong></span> <span class='ocrx_word' id='word_1_107' title='bbox 1474 794 1626 831; x_wconf 82' lang='lat' dir='ltr'><strong>avius</strong></span> <span class='ocrx_word' id='word_1_108' title='bbox 1654 793 1824 831; x_wconf 81' lang='lat' dir='ltr'><strong>abdidit</strong></span> <span class='ocrx_word' id='word_1_109' title='bbox 1852 794 1971 832; x_wconf 86' lang='lat' dir='ltr'><strong>altos.</strong></span> 
     </span>
    </p>
   </div>
   <div class='ocr_carea' id='block_1_3' title="bbox 750 857 2003 973">
    <p class='ocr_par' dir='ltr' id='par_1_5' title="bbox 750 857 2003 973">
     <span class='ocr_line' id='line_1_10' title="bbox 750 857 1981 911; baseline -0.002 -13"><span class='ocrx_word' id='word_1_110' title='bbox 750 859 889 911; x_wconf 89' lang='lat' dir='ltr'><strong>(Verg.</strong></span> <span class='ocrx_word' id='word_1_111' title='bbox 917 858 1023 897; x_wconf 89' lang='lat' dir='ltr'><strong>Aen.</strong></span> <span class='ocrx_word' id='word_1_112' title='bbox 1049 857 1099 906; x_wconf 91' lang='grc' dir='ltr'><strong>Π,</strong></span> <span class='ocrx_word' id='word_1_113' title='bbox 1128 858 1206 898; x_wconf 86' lang='grc'><strong>736</strong></span> <span class='ocrx_word' id='word_1_114' title='bbox 1243 888 1449 906; x_wconf 90' lang='grc'><strong>......</strong></span> <span class='ocrx_word' id='word_1_115' title='bbox 1478 857 1676 908; x_wconf 81' lang='lat' dir='ltr'><strong>Namque</strong></span> <span class='ocrx_word' id='word_1_116' title='bbox 1705 859 1826 896; x_wconf 83' lang='lat' dir='ltr'><strong>avia</strong></span> <span class='ocrx_word' id='word_1_117' title='bbox 1854 869 1981 895; x_wconf 83' lang='lat' dir='ltr'><strong>cursu</strong></span> 
     </span>
     <span class='ocr_line' id='line_1_11' title="bbox 903 923 2003 973; baseline 0.001 -12"><span class='ocrx_word' id='word_1_118' title='bbox 903 923 1018 962; x_wconf 90' lang='lat' dir='ltr'><strong>Dum</strong></span> <span class='ocrx_word' id='word_1_119' title='bbox 1044 934 1197 972; x_wconf 86' lang='lat' dir='ltr'><strong>sequor</strong></span> <span class='ocrx_word' id='word_1_120' title='bbox 1226 927 1265 961; x_wconf 89' lang='lat' dir='ltr'><strong>et</strong></span> <span class='ocrx_word' id='word_1_121' title='bbox 1292 927 1394 961; x_wconf 90' lang='lat' dir='ltr'><strong>nota</strong></span> <span class='ocrx_word' id='word_1_122' title='bbox 1424 923 1577 961; x_wconf 76' lang='lat' dir='ltr'><strong>excedo</strong></span> <span class='ocrx_word' id='word_1_123' title='bbox 1605 923 1780 973; x_wconf 75' lang='lat' dir='ltr'><strong>reyione</strong></span> <span class='ocrx_word' id='word_1_124' title='bbox 1797 923 2003 972; x_wconf 83' lang='lat' dir='ltr'><strong>viarum.)</strong></span> 
     </span>
    </p>
   </div>
   <div class='ocr_carea' id='block_1_4' title="bbox 250 1012 2457 1062">
    <p class='ocr_par' dir='ltr' id='par_1_6' title="bbox 250 1012 2457 1062">
     <span class='ocr_line' id='line_1_12' title="bbox 250 1012 2457 1062; baseline 0.001 -10"><span class='ocrx_word' id='word_1_125' title='bbox 250 1013 340 1052; x_wconf 89' lang='lat' dir='ltr'><strong>Hac</strong></span> <span class='ocrx_word' id='word_1_126' title='bbox 366 1012 467 1052; x_wconf 87' lang='lat' dir='ltr'><strong>data</strong></span> <span class='ocrx_word' id='word_1_127' title='bbox 492 1014 717 1053; x_wconf 84' lang='lat' dir='ltr'><strong>occasione</strong></span> <span class='ocrx_word' id='word_1_128' title='bbox 742 1024 826 1052; x_wconf 91' lang='lat' dir='ltr'><strong>non</strong></span> <span class='ocrx_word' id='word_1_129' title='bbox 851 1013 1037 1052; x_wconf 90' lang='lat' dir='ltr'><strong>alienum</strong></span> <span class='ocrx_word' id='word_1_130' title='bbox 1062 1017 1165 1062; x_wconf 93' lang='lat' dir='ltr'><strong>puto</strong></span> <span class='ocrx_word' id='word_1_131' title='bbox 1194 1013 1256 1052; x_wconf 91' lang='lat' dir='ltr'><strong>de</strong></span> <span class='ocrx_word' id='word_1_132' title='bbox 1284 1013 1562 1062; x_wconf 85' lang='lat' dir='ltr'><strong>Propertio</strong></span> <span class='ocrx_word' id='word_1_133' title='bbox 1590 1012 1786 1051; x_wconf 90' lang='lat' dir='ltr'><strong>Tibulli</strong></span> <span class='ocrx_word' id='word_1_134' title='bbox 1814 1012 2081 1052; x_wconf 88' lang='lat' dir='ltr'><strong>imitatore</strong></span> <span class='ocrx_word' id='word_1_135' title='bbox 2099 1015 2301 1054; x_wconf 87' lang='lat' dir='ltr'><strong>nonnulla</strong></span> <span class='ocrx_word' id='word_1_136' title='bbox 2324 1015 2457 1055; x_wconf 90' lang='lat' dir='ltr'><strong>verba</strong></span> 
     </span>
    </p>
   </div>
   <div class='ocr_carea' id='block_1_5' title="bbox 104 1075 2459 1209">
    <p class='ocr_par' dir='ltr' id='par_1_7' title="bbox 104 1075 2459 1194">
     <span class='ocr_line' id='line_1_13' title="bbox 104 1075 2459 1130; baseline 0.001 -12"><span class='ocrx_word' id='word_1_137' title='bbox 104 1075 258 1126; x_wconf 77' lang='lat' dir='ltr'><strong>facere,</strong></span> <span class='ocrx_word' id='word_1_138' title='bbox 276 1079 528 1128; x_wconf 87' lang='lat' dir='ltr'><strong>praesertim</strong></span> <span class='ocrx_word' id='word_1_139' title='bbox 557 1090 656 1118; x_wconf 89' lang='lat' dir='ltr'><strong>cum</strong></span> <span class='ocrx_word' id='word_1_140' title='bbox 684 1090 813 1129; x_wconf 87' lang='lat' dir='ltr'><strong>grave</strong></span> <span class='ocrx_word' id='word_1_141' title='bbox 841 1078 1055 1129; x_wconf 86' lang='lat' dir='ltr'><strong>quoddam</strong></span> <span class='ocrx_word' id='word_1_142' title='bbox 1081 1077 1181 1117; x_wconf 90' lang='lat' dir='ltr'><strong>inde</strong></span> <span class='ocrx_word' id='word_1_143' title='bbox 1215 1079 1349 1128; x_wconf 87' lang='lat' dir='ltr'><strong>possit</strong></span> <span class='ocrx_word' id='word_1_144' title='bbox 1382 1078 1531 1128; x_wconf 85' lang='lat' dir='ltr'><strong>colligi.</strong></span> <span class='ocrx_word' id='word_1_145' title='bbox 1594 1078 1655 1116; x_wconf 85' lang='lat' dir='ltr'><strong>Ac</strong></span> <span class='ocrx_word' id='word_1_146' title='bbox 1689 1078 1933 1127; x_wconf 88' lang='lat' dir='ltr'><strong>Propertius</strong></span> <span class='ocrx_word' id='word_1_147' title='bbox 1974 1089 2060 1117; x_wconf 89' lang='lat' dir='ltr'><strong>non</strong></span> <span class='ocrx_word' id='word_1_148' title='bbox 2092 1078 2220 1118; x_wconf 89' lang='lat' dir='ltr'><strong>modo</strong></span> <span class='ocrx_word' id='word_1_149' title='bbox 2254 1090 2459 1130; x_wconf 86' lang='lat' dir='ltr'><strong>saepenu-</strong></span> 
     </span>
     <span class='ocr_line' id='line_1_14' title="bbox 104 1142 2459 1209; baseline 0.002 -27"><span class='ocrx_word' id='word_1_150' title='bbox 104 1151 224 1182; x_wconf 86' lang='lat' dir='ltr'><strong>mero</strong></span> <span class='ocrx_word' id='word_1_151' title='bbox 251 1143 403 1182; x_wconf 87' lang='lat' dir='ltr'><strong>eadem</strong></span> <span class='ocrx_word' id='word_1_152' title='bbox 431 1155 483 1183; x_wconf 91' lang='lat' dir='ltr'><strong>ac</strong></span> <span class='ocrx_word' id='word_1_153' title='bbox 509 1144 699 1184; x_wconf 88' lang='lat' dir='ltr'><strong>Tibullus</strong></span> <span class='ocrx_word' id='word_1_154' title='bbox 725 1145 925 1183; x_wconf 89' lang='lat' dir='ltr'><strong>tractavit</strong></span> <span class='ocrx_word' id='word_1_155' title='bbox 953 1146 1214 1193; x_wconf 88' lang='lat' dir='ltr'><strong>argumenta,</strong></span> <span class='ocrx_word' id='word_1_156' title='bbox 1242 1143 1317 1182; x_wconf 89' lang='lat' dir='ltr'><strong>sed</strong></span> <span class='ocrx_word' id='word_1_157' title='bbox 1347 1144 1477 1208; x_wconf 86' lang='lat' dir='ltr'><strong>etiam</strong></span> <span class='ocrx_word' id='word_1_158' title='bbox 1497 1143 1684 1209; x_wconf 83' lang='lat' dir='ltr'><strong>singulos</strong></span> <span class='ocrx_word' id='word_1_159' title='bbox 1720 1154 1869 1182; x_wconf 86' lang='lat' dir='ltr'><strong>versus</strong></span> <span class='ocrx_word' id='word_1_160' title='bbox 1897 1142 2168 1194; x_wconf 88' lang='lat' dir='ltr'><strong>singulasque</strong></span> <span class='ocrx_word' id='word_1_161' title='bbox 2196 1145 2459 1186; x_wconf 60' lang='lat' dir='ltr'><strong>elocutiones</strong></span> 
     </span>
    </p>
   </div>
   <div class='ocr_carea' id='block_1_6' title="bbox 101 1207 2455 1326">
    <p class='ocr_par' dir='ltr' id='par_1_8' title="bbox 101 1207 2455 1326">
     <span class='ocr_line' id='line_1_15' title="bbox 101 1207 396 1249; baseline -0.004 0"><span class='ocrx_word' id='word_1_162' title='bbox 101 1207 291 1249; x_wconf 84' lang='lat' dir='ltr'><strong>imitatus</strong></span> <span class='ocrx_word' id='word_1_163' title='bbox 317 1213 396 1249; x_wconf 67' lang='lat' dir='ltr'><strong>aet.</strong></span> 
     </span>
     <span class='ocr_line' id='line_1_16' title="bbox 105 1273 2455 1326; baseline 0.001 -11"><span class='ocrx_word' id='word_1_164' title='bbox 105 1273 255 1315; x_wconf 84' lang='lat' dir='ltr'><strong>Statim</strong></span> <span class='ocrx_word' id='word_1_165' title='bbox 282 1276 404 1326; x_wconf 90' lang='lat' dir='ltr'><strong>primi</strong></span> <span class='ocrx_word' id='word_1_166' title='bbox 425 1275 576 1315; x_wconf 91' lang='lat' dir='ltr'><strong>Tibulli</strong></span> <span class='ocrx_word' id='word_1_167' title='bbox 595 1276 794 1315; x_wconf 87' lang='lat' dir='ltr'><strong>carminis</strong></span> <span class='ocrx_word' id='word_1_168' title='bbox 812 1275 1034 1315; x_wconf 86' lang='lat' dir='ltr'><strong>materiam</strong></span> <span class='ocrx_word' id='word_1_169' title='bbox 1052 1285 1078 1312; x_wconf 89' lang='lat' dir='ltr'><strong>a</strong></span> <span class='ocrx_word' id='word_1_170' title='bbox 1094 1273 1313 1324; x_wconf 87' lang='lat' dir='ltr'><strong>Propertio</strong></span> <span class='ocrx_word' id='word_1_171' title='bbox 1332 1277 1558 1313; x_wconf 78' lang='lat' dir='ltr'><strong>tractatam</strong></span> <span class='ocrx_word' id='word_1_172' title='bbox 1577 1273 1816 1313; x_wconf 88' lang='lat' dir='ltr'><strong>invenimus</strong></span> <span class='ocrx_word' id='word_1_173' title='bbox 1835 1274 1990 1323; x_wconf 86' lang='lat' dir='ltr'><strong>partim</strong></span> <span class='ocrx_word' id='word_1_174' title='bbox 2016 1273 2082 1323; x_wconf 88' lang='lat' dir='ltr'><strong>IV,</strong></span> <span class='ocrx_word' id='word_1_175' title='bbox 2111 1274 2175 1322; x_wconf 89' lang='lat'><strong>16,</strong></span> <span class='ocrx_word' id='word_1_176' title='bbox 2195 1276 2346 1324; x_wconf 88' lang='lat' dir='ltr'><strong>partim</strong></span> <span class='ocrx_word' id='word_1_177' title='bbox 2378 1277 2409 1325; x_wconf 94' lang='lat' dir='ltr'><strong>I,</strong></span> <span class='ocrx_word' id='word_1_178' title='bbox 2429 1278 2455 1317; x_wconf 89' lang='lat'>6</span> 
     </span>
    </p>
   </div>
   <div class='ocr_carea' id='block_1_7' title="bbox 318 1348 2241 1528">
    <p class='ocr_par' dir='ltr' id='par_1_9' title="bbox 318 1348 2241 1528">
     <span class='ocr_line' id='line_1_17' title="bbox 318 1348 2241 1402; baseline -0.002 -11"><span class='ocrx_word' id='word_1_179' title='bbox 318 1352 371 1391; x_wconf 85' lang='lat' dir='ltr'><strong>cf.</strong></span> <span class='ocrx_word' id='word_1_180' title='bbox 401 1352 467 1401; x_wconf 87' lang='lat' dir='ltr'><strong>IV,</strong></span> <span class='ocrx_word' id='word_1_181' title='bbox 494 1352 615 1401; x_wconf 87' lang='lat'><strong>16,15</strong></span> <span class='ocrx_word' id='word_1_182' title='bbox 643 1352 738 1402; x_wconf 85' lang='lat' dir='ltr'><strong>Ipse</strong></span> <span class='ocrx_word' id='word_1_183' title='bbox 765 1363 906 1390; x_wconf 89' lang='lat' dir='ltr'><strong>seram</strong></span> <span class='ocrx_word' id='word_1_184' title='bbox 932 1352 1038 1389; x_wconf 86' lang='lat' dir='ltr'><strong>vites</strong></span> <span class='ocrx_word' id='word_1_185' title='bbox 1065 1379 1318 1390; x_wconf 90' lang='grc'><strong>.......</strong></span> <span class='ocrx_word' id='word_1_186' title='bbox 1347 1369 1391 1383; x_wconf 93' lang='lat'><strong><em>=</em></strong></span> <span class='ocrx_word' id='word_1_187' title='bbox 1421 1349 1511 1388; x_wconf 91' lang='lat' dir='ltr'><strong>Tib.</strong></span> <span class='ocrx_word' id='word_1_188' title='bbox 1542 1349 1574 1397; x_wconf 95' lang='lat' dir='ltr'><strong>I,</strong></span> <span class='ocrx_word' id='word_1_189' title='bbox 1601 1349 1667 1398; x_wconf 89' lang='lat'><strong>1‚7</strong></span> <span class='ocrx_word' id='word_1_190' title='bbox 1703 1348 1799 1399; x_wconf 86' lang='lat' dir='ltr'><strong>Ipse</strong></span> <span class='ocrx_word' id='word_1_191' title='bbox 1834 1360 1975 1387; x_wconf 86' lang='lat' dir='ltr'><strong>seram</strong></span> <span class='ocrx_word' id='word_1_192' title='bbox 2013 1380 2023 1388; x_wconf 92' lang='lat'><strong>.</strong></span> <span class='ocrx_word' id='word_1_193' title='bbox 2056 1381 2065 1389; x_wconf 90' lang='lat'><strong>.</strong></span> <span class='ocrx_word' id='word_1_194' title='bbox 2096 1381 2105 1389; x_wconf 93' lang='lat'><strong>.</strong></span> <span class='ocrx_word' id='word_1_195' title='bbox 2134 1351 2241 1389; x_wconf 81' lang='lat' dir='ltr'><strong>vites</strong></span> 
     </span>
     <span class='ocr_line' id='line_1_18' title="bbox 582 1414 1975 1465; baseline -0.002 -9"><span class='ocrx_word' id='word_1_196' title='bbox 582 1417 614 1465; x_wconf 96' lang='grc' dir='ltr'><strong>Ι,</strong></span> <span class='ocrx_word' id='word_1_197' title='bbox 641 1416 841 1464; x_wconf 86' lang='grc' dir='ltr'>6,5.29.3Ο</span> <span class='ocrx_word' id='word_1_198' title='bbox 867 1415 954 1455; x_wconf 85' lang='lat' dir='ltr'><strong>Sed</strong></span> <span class='ocrx_word' id='word_1_199' title='bbox 980 1427 1047 1454; x_wconf 88' lang='lat' dir='ltr'><strong>me</strong></span> <span class='ocrx_word' id='word_1_200' title='bbox 1073 1415 1318 1465; x_wconf 73' lang='lat' dir='ltr'><strong>complexae</strong></span> <span class='ocrx_word' id='word_1_201' title='bbox 1345 1419 1621 1453; x_wconf 81' lang='lat' dir='ltr'><strong>remorantur</strong></span> <span class='ocrx_word' id='word_1_202' title='bbox 1647 1414 1774 1452; x_wconf 88' lang='lat' dir='ltr'><strong>verba</strong></span> <span class='ocrx_word' id='word_1_203' title='bbox 1788 1414 1975 1464; x_wconf 83' lang='lat' dir='ltr'><strong>puellae.-</strong></span> 
     </span>
     <span class='ocr_line' id='line_1_19' title="bbox 858 1478 2018 1528; baseline 0.001 -11"><span class='ocrx_word' id='word_1_204' title='bbox 858 1478 957 1517; x_wconf 88' lang='lat' dir='ltr'><strong>Non</strong></span> <span class='ocrx_word' id='word_1_205' title='bbox 985 1491 1059 1528; x_wconf 75' lang='lat' dir='ltr'><strong>eqo</strong></span> <span class='ocrx_word' id='word_1_206' title='bbox 1087 1491 1182 1516; x_wconf 85' lang='lat' dir='ltr'><strong>sum</strong></span> <span class='ocrx_word' id='word_1_207' title='bbox 1210 1479 1348 1527; x_wconf 87' lang='lat' dir='ltr'><strong>laudi,</strong></span> <span class='ocrx_word' id='word_1_208' title='bbox 1378 1491 1467 1517; x_wconf 88' lang='lat' dir='ltr'><strong>non</strong></span> <span class='ocrx_word' id='word_1_209' title='bbox 1494 1483 1623 1517; x_wconf 88' lang='lat' dir='ltr'><strong>natus</strong></span> <span class='ocrx_word' id='word_1_210' title='bbox 1651 1479 1832 1517; x_wconf 84' lang='lat' dir='ltr'><strong>idoneus</strong></span> <span class='ocrx_word' id='word_1_211' title='bbox 1860 1480 2018 1518; x_wconf 85' lang='lat' dir='ltr'><strong>armis:</strong></span> 
     </span>
    </p>
   </div>
   <div class='ocr_carea' id='block_1_8' title="bbox 102 1543 2444 1935">
    <p class='ocr_par' dir='ltr' id='par_1_10' title="bbox 102 1543 2444 1923">
     <span class='ocr_line' id='line_1_20' title="bbox 858 1543 1789 1594; baseline 0.001 -12"><span class='ocrx_word' id='word_1_212' title='bbox 858 1543 982 1582; x_wconf 89' lang='lat' dir='ltr'><strong>Hanc</strong></span> <span class='ocrx_word' id='word_1_213' title='bbox 1008 1556 1077 1582; x_wconf 88' lang='lat' dir='ltr'><strong>me</strong></span> <span class='ocrx_word' id='word_1_214' title='bbox 1104 1545 1311 1583; x_wconf 86' lang='lat' dir='ltr'><strong>militiam</strong></span> <span class='ocrx_word' id='word_1_215' title='bbox 1338 1545 1434 1594; x_wconf 82' lang='lat' dir='ltr'><strong>fata</strong></span> <span class='ocrx_word' id='word_1_216' title='bbox 1461 1543 1604 1582; x_wconf 78' lang='lat' dir='ltr'><strong>subire</strong></span> <span class='ocrx_word' id='word_1_217' title='bbox 1631 1544 1789 1583; x_wconf 84' lang='lat' dir='ltr'><strong>volunt.</strong></span> 
     </span>
     <span class='ocr_line' id='line_1_21' title="bbox 272 1609 1970 1660; baseline -0.001 -10"><span class='ocrx_word' id='word_1_218' title='bbox 272 1631 317 1646; x_wconf 91' lang='lat'><strong><em>=</em></strong></span> <span class='ocrx_word' id='word_1_219' title='bbox 346 1611 438 1650; x_wconf 89' lang='lat' dir='ltr'><strong>Tib.</strong></span> <span class='ocrx_word' id='word_1_220' title='bbox 469 1611 501 1660; x_wconf 92' lang='grc' dir='ltr'><strong>Ι,</strong></span> <span class='ocrx_word' id='word_1_221' title='bbox 530 1610 824 1658; x_wconf 86' lang='grc'>1,55.53.75.76</span> <span class='ocrx_word' id='word_1_222' title='bbox 853 1610 919 1649; x_wconf 89' lang='lat' dir='ltr'><strong>Me</strong></span> <span class='ocrx_word' id='word_1_223' title='bbox 947 1614 1134 1649; x_wconf 81' lang='lat' dir='ltr'><strong>retinent</strong></span> <span class='ocrx_word' id='word_1_224' title='bbox 1162 1610 1352 1648; x_wconf 82' lang='lat' dir='ltr'><strong>vinctum</strong></span> <span class='ocrx_word' id='word_1_225' title='bbox 1381 1611 1595 1660; x_wconf 82' lang='lat' dir='ltr'><strong>formosae</strong></span> <span class='ocrx_word' id='word_1_226' title='bbox 1623 1609 1765 1647; x_wconf 80' lang='lat' dir='ltr'><strong>vincla</strong></span> <span class='ocrx_word' id='word_1_227' title='bbox 1788 1610 1970 1660; x_wconf 81' lang='lat' dir='ltr'><strong>puellae.</strong></span> 
     </span>
     <span class='ocr_line' id='line_1_22' title="bbox 862 1674 1872 1724; baseline -0.001 -10"><span class='ocrx_word' id='word_1_228' title='bbox 862 1674 916 1714; x_wconf 91' lang='lat' dir='ltr'><strong>Te</strong></span> <span class='ocrx_word' id='word_1_229' title='bbox 944 1675 1101 1714; x_wconf 85' lang='lat' dir='ltr'><strong>bellare</strong></span> <span class='ocrx_word' id='word_1_230' title='bbox 1130 1675 1244 1713; x_wconf 87' lang='lat' dir='ltr'><strong>decet</strong></span> <span class='ocrx_word' id='word_1_231' title='bbox 1272 1679 1401 1723; x_wconf 84' lang='lat' dir='ltr'><strong>terra,</strong></span> <span class='ocrx_word' id='word_1_232' title='bbox 1434 1674 1629 1722; x_wconf 80' lang='lat' dir='ltr'><strong>Messala,</strong></span> <span class='ocrx_word' id='word_1_233' title='bbox 1661 1675 1872 1724; x_wconf 83' lang='lat' dir='ltr'><strong>marique.</strong></span> 
     </span>
     <span class='ocr_line' id='line_1_23' title="bbox 854 1740 2085 1791; baseline 0.001 -13"><span class='ocrx_word' id='word_1_234' title='bbox 854 1740 937 1778; x_wconf 85' lang='lat' dir='ltr'><strong>Hic</strong></span> <span class='ocrx_word' id='word_1_235' title='bbox 964 1753 1038 1790; x_wconf 75' lang='lat' dir='ltr'><strong>eqo</strong></span> <span class='ocrx_word' id='word_1_236' title='bbox 1067 1740 1159 1778; x_wconf 79' lang='lat' dir='ltr'><strong>dua:</strong></span> <span class='ocrx_word' id='word_1_237' title='bbox 1186 1741 1392 1790; x_wconf 80' lang='lat' dir='ltr'><strong>milesque</strong></span> <span class='ocrx_word' id='word_1_238' title='bbox 1421 1740 1579 1778; x_wconf 86' lang='lat' dir='ltr'><strong>bonus:</strong></span> <span class='ocrx_word' id='word_1_239' title='bbox 1608 1752 1694 1788; x_wconf 76' lang='grc' dir='ltr'>υοε,</span> <span class='ocrx_word' id='word_1_240' title='bbox 1725 1741 1851 1790; x_wconf 73' lang='lat' dir='ltr'><strong>siqna</strong></span> <span class='ocrx_word' id='word_1_241' title='bbox 1879 1740 2085 1791; x_wconf 82' lang='lat' dir='ltr'><strong>tubaeque</strong></span> 
     </span>
     <span class='ocr_line' id='line_1_24' title="bbox 860 1805 1111 1855; baseline 0.004 -12"><span class='ocrx_word' id='word_1_242' title='bbox 860 1805 922 1843; x_wconf 88' lang='lat' dir='ltr'><strong>Ite</strong></span> <span class='ocrx_word' id='word_1_243' title='bbox 946 1806 1111 1855; x_wconf 78' lang='lat' dir='ltr'><strong>procul.</strong></span> 
     </span>
     <span class='ocr_line' id='line_1_25' title="bbox 102 1864 2444 1935; baseline 0.001 -23"><span class='ocrx_word' id='word_1_244' title='bbox 102 1864 239 1935; x_wconf 82' lang='lat' dir='ltr'><strong>Sagae</strong></span> <span class='ocrx_word' id='word_1_245' title='bbox 265 1871 420 1911; x_wconf 80' lang='lat' dir='ltr'><strong>artium</strong></span> <span class='ocrx_word' id='word_1_246' title='bbox 446 1871 776 1920; x_wconf 88' lang='lat' dir='ltr'><strong>descriptionem</strong></span> <span class='ocrx_word' id='word_1_247' title='bbox 803 1871 1203 1921; x_wconf 85' lang='lat' dir='ltr'><strong>exsecrationesque</strong></span> <span class='ocrx_word' id='word_1_248' title='bbox 1230 1872 1273 1909; x_wconf 92' lang='lat' dir='ltr'><strong>in</strong></span> <span class='ocrx_word' id='word_1_249' title='bbox 1301 1871 1417 1910; x_wconf 87' lang='lat' dir='ltr'><strong>illam</strong></span> <span class='ocrx_word' id='word_1_250' title='bbox 1443 1870 1627 1920; x_wconf 87' lang='lat' dir='ltr'><strong>prolatas</strong></span> <span class='ocrx_word' id='word_1_251' title='bbox 1650 1870 1889 1909; x_wconf 86' lang='lat' dir='ltr'><strong>invenimus</strong></span> <span class='ocrx_word' id='word_1_252' title='bbox 1914 1871 2026 1920; x_wconf 92' lang='lat' dir='ltr'><strong>apud</strong></span> <span class='ocrx_word' id='word_1_253' title='bbox 2054 1872 2265 1913; x_wconf 89' lang='lat' dir='ltr'><strong>Tibullum</strong></span> <span class='ocrx_word' id='word_1_254' title='bbox 2292 1874 2322 1923; x_wconf 90' lang='grc' dir='ltr'><strong>Ι,</strong></span> <span class='ocrx_word' id='word_1_255' title='bbox 2351 1876 2444 1923; x_wconf 77' lang='grc'>2,45</span> 
     </span>
    </p>
   </div>
   <div class='ocr_carea' id='block_1_9' title="bbox 102 1932 2026 2051">
    <p class='ocr_par' dir='ltr' id='par_1_11' title="bbox 102 1932 2026 2051">
     <span class='ocr_line' id='line_1_26' title="bbox 102 1932 1647 1988; baseline -0.002 -12"><span class='ocrx_word' id='word_1_256' title='bbox 102 1932 218 1988; x_wconf 80' lang='lat' dir='ltr'><strong>sqq.;</strong></span> <span class='ocrx_word' id='word_1_257' title='bbox 244 1936 277 1986; x_wconf 92' lang='grc' dir='ltr'><strong>Ι,</strong></span> <span class='ocrx_word' id='word_1_258' title='bbox 303 1935 398 1985; x_wconf 86' lang='grc'>8,19</span> <span class='ocrx_word' id='word_1_259' title='bbox 424 1935 759 1986; x_wconf 74' lang='lat' dir='ltr'><strong>sqq.;11,6‚;44</strong></span> <span class='ocrx_word' id='word_1_260' title='bbox 789 1935 902 1984; x_wconf 90' lang='lat' dir='ltr'><strong>apud</strong></span> <span class='ocrx_word' id='word_1_261' title='bbox 930 1935 1196 1985; x_wconf 88' lang='lat' dir='ltr'><strong>Propertium</strong></span> <span class='ocrx_word' id='word_1_262' title='bbox 1225 1936 1271 1983; x_wconf 91' lang='lat' dir='ltr'><strong>V,</strong></span> <span class='ocrx_word' id='word_1_263' title='bbox 1299 1936 1345 1984; x_wconf 91' lang='lat'><strong>5,</strong></span> <span class='ocrx_word' id='word_1_264' title='bbox 1374 1936 1405 1984; x_wconf 94' lang='lat' dir='ltr'><strong>I,</strong></span> <span class='ocrx_word' id='word_1_265' title='bbox 1434 1935 1525 1983; x_wconf 83' lang='lat'><strong>1,19</strong></span> <span class='ocrx_word' id='word_1_266' title='bbox 1553 1946 1647 1985; x_wconf 90' lang='lat' dir='ltr'><strong>sqq.</strong></span> 
     </span>
     <span class='ocr_line' id='line_1_27' title="bbox 441 1999 2026 2051; baseline -0.001 -10"><span class='ocrx_word' id='word_1_267' title='bbox 441 2003 563 2051; x_wconf 88' lang='lat' dir='ltr'><strong>Prop.</strong></span> <span class='ocrx_word' id='word_1_268' title='bbox 618 2001 837 2049; x_wconf 87' lang='grc' dir='ltr'>Ι,1,23.24</span> <span class='ocrx_word' id='word_1_269' title='bbox 893 2000 1009 2038; x_wconf 90' lang='lat' dir='ltr'><strong>Tunc</strong></span> <span class='ocrx_word' id='word_1_270' title='bbox 1036 2013 1110 2050; x_wconf 71' lang='lat' dir='ltr'><strong>eqo</strong></span> <span class='ocrx_word' id='word_1_271' title='bbox 1139 2000 1399 2039; x_wconf 82' lang='lat' dir='ltr'><strong>crediderim</strong></span> <span class='ocrx_word' id='word_1_272' title='bbox 1427 1999 1541 2038; x_wconf 84' lang='lat' dir='ltr'><strong>vobis</strong></span> <span class='ocrx_word' id='word_1_273' title='bbox 1570 2004 1610 2037; x_wconf 84' lang='lat' dir='ltr'><strong>et</strong></span> <span class='ocrx_word' id='word_1_274' title='bbox 1637 2000 1782 2038; x_wconf 78' lang='lat' dir='ltr'><strong>sidera</strong></span> <span class='ocrx_word' id='word_1_275' title='bbox 1811 2005 1850 2039; x_wconf 87' lang='lat' dir='ltr'><strong>et</strong></span> <span class='ocrx_word' id='word_1_276' title='bbox 1878 2013 2026 2039; x_wconf 87' lang='lat' dir='ltr'><strong>amnes</strong></span> 
     </span>
    </p>
   </div>
   <div class='ocr_carea' id='block_1_10' title="bbox 884 2064 1719 2116">
    <p class='ocr_par' dir='ltr' id='par_1_12' title="bbox 884 2064 1719 2116">
     <span class='ocr_line' id='line_1_28' title="bbox 884 2064 1719 2116; baseline -0.002 -12"><span class='ocrx_word' id='word_1_277' title='bbox 884 2065 1012 2104; x_wconf 86' lang='lat' dir='ltr'><strong>Posse</strong></span> <span class='ocrx_word' id='word_1_278' title='bbox 1042 2065 1237 2116; x_wconf 75' lang='lat' dir='ltr'><strong>Cytainis</strong></span> <span class='ocrx_word' id='word_1_279' title='bbox 1266 2066 1416 2103; x_wconf 84' lang='lat' dir='ltr'><strong>ducere</strong></span> <span class='ocrx_word' id='word_1_280' title='bbox 1445 2064 1719 2104; x_wconf 84' lang='lat' dir='ltr'><strong>carminibus.</strong></span> 
     </span>
    </p>
   </div>
   <div class='ocr_carea' id='block_1_11' title="bbox 249 2116 2361 2778">
    <p class='ocr_par' dir='ltr' id='par_1_13' title="bbox 249 2116 2361 2778">
     <span class='ocr_line' id='line_1_29' title="bbox 427 2116 1903 2180; baseline 0 -12"><span class='ocrx_word' id='word_1_281' title='bbox 427 2131 588 2170; x_wconf 60' lang='lat' dir='ltr'><strong>=&lt;Tib.</strong></span> <span class='ocrx_word' id='word_1_282' title='bbox 617 2131 648 2179; x_wconf 92' lang='lat' dir='ltr'><strong>I,</strong></span> <span class='ocrx_word' id='word_1_283' title='bbox 675 2130 835 2177; x_wconf 81' lang='lat'><strong>2,45.46</strong></span> <span class='ocrx_word' id='word_1_284' title='bbox 889 2129 1016 2168; x_wconf 87' lang='lat' dir='ltr'><strong>Hanc</strong></span> <span class='ocrx_word' id='word_1_285' title='bbox 1044 2141 1118 2179; x_wconf 75' lang='lat' dir='ltr'><strong>eqo</strong></span> <span class='ocrx_word' id='word_1_286' title='bbox 1147 2129 1200 2167; x_wconf 90' lang='lat' dir='ltr'><strong>de</strong></span> <span class='ocrx_word' id='word_1_287' title='bbox 1227 2130 1341 2168; x_wconf 88' lang='lat' dir='ltr'><strong>caelo</strong></span> <span class='ocrx_word' id='word_1_288' title='bbox 1371 2116 1594 2180; x_wconf 38' lang='lat' dir='ltr'><strong>lucentem</strong></span> <span class='ocrx_word' id='word_1_289' title='bbox 1624 2130 1771 2168; x_wconf 81' lang='lat' dir='ltr'><strong>sidera</strong></span> <span class='ocrx_word' id='word_1_290' title='bbox 1798 2130 1903 2179; x_wconf 83' lang='lat' dir='ltr'><strong>vidi,</strong></span> 
     </span>
     <span class='ocr_line' id='line_1_30' title="bbox 887 2190 1913 2244; baseline 0.002 -12"><span class='ocrx_word' id='word_1_291' title='bbox 887 2193 1106 2232; x_wconf 81' lang='lat' dir='ltr'><strong>Fluminis</strong></span> <span class='ocrx_word' id='word_1_292' title='bbox 1134 2196 1237 2232; x_wconf 81' lang='lat' dir='ltr'><strong>haec</strong></span> <span class='ocrx_word' id='word_1_293' title='bbox 1254 2190 1415 2244; x_wconf 65' lang='lat' dir='ltr'><strong>&#39;rapidi</strong></span> <span class='ocrx_word' id='word_1_294' title='bbox 1443 2193 1636 2232; x_wconf 84' lang='lat' dir='ltr'><strong>carmine</strong></span> <span class='ocrx_word' id='word_1_295' title='bbox 1663 2194 1791 2234; x_wconf 81' lang='lat' dir='ltr'><strong>vertit</strong></span> <span class='ocrx_word' id='word_1_296' title='bbox 1819 2197 1913 2235; x_wconf 81' lang='lat' dir='ltr'><strong>iter.</strong></span> 
     </span>
     <span class='ocr_line' id='line_1_31' title="bbox 442 2269 1924 2322; baseline -0.001 -10"><span class='ocrx_word' id='word_1_297' title='bbox 442 2274 565 2322; x_wconf 86' lang='lat' dir='ltr'><strong>Prop.</strong></span> <span class='ocrx_word' id='word_1_298' title='bbox 594 2273 624 2320; x_wconf 93' lang='grc' dir='ltr'><strong>Ι,</strong></span> <span class='ocrx_word' id='word_1_299' title='bbox 654 2273 745 2320; x_wconf 79' lang='grc' dir='ltr'>1,’ί9</span> <span class='ocrx_word' id='word_1_300' title='bbox 883 2270 939 2309; x_wconf 84' lang='lat' dir='ltr'><strong>At</strong></span> <span class='ocrx_word' id='word_1_301' title='bbox 966 2283 1052 2319; x_wconf 84' lang='lat' dir='ltr'><strong>vos,</strong></span> <span class='ocrx_word' id='word_1_302' title='bbox 1084 2271 1288 2309; x_wconf 81' lang='lat' dir='ltr'><strong>deductae</strong></span> <span class='ocrx_word' id='word_1_303' title='bbox 1316 2269 1466 2320; x_wconf 85' lang='lat' dir='ltr'><strong>quibus</strong></span> <span class='ocrx_word' id='word_1_304' title='bbox 1495 2276 1555 2309; x_wconf 87' lang='lat' dir='ltr'><strong>est</strong></span> <span class='ocrx_word' id='word_1_305' title='bbox 1582 2272 1763 2322; x_wconf 82' lang='lat' dir='ltr'><strong>fallacia</strong></span> <span class='ocrx_word' id='word_1_306' title='bbox 1793 2273 1924 2311; x_wconf 84' lang='lat' dir='ltr'><strong>lunae</strong></span> 
     </span>
     <span class='ocr_line' id='line_1_32' title="bbox 290 2334 1909 2390; baseline 0.001 -14"><span class='ocrx_word' id='word_1_307' title='bbox 290 2388 293 2390; x_wconf 14' lang='grc' dir='ltr'><strong>Α</strong></span> <span class='ocrx_word' id='word_1_308' title='bbox 490 2353 534 2369; x_wconf 90' lang='lat'><strong><em>=</em></strong></span> <span class='ocrx_word' id='word_1_309' title='bbox 564 2337 652 2376; x_wconf 85' lang='lat' dir='ltr'><strong>Tib.</strong></span> <span class='ocrx_word' id='word_1_310' title='bbox 680 2337 710 2385; x_wconf 95' lang='grc' dir='ltr'><strong>Ι,</strong></span> <span class='ocrx_word' id='word_1_311' title='bbox 739 2337 825 2384; x_wconf 83' lang='grc'>8,21</span> <span class='ocrx_word' id='word_1_312' title='bbox 887 2334 1050 2373; x_wconf 83' lang='lat' dir='ltr'><strong>Cantus</strong></span> <span class='ocrx_word' id='word_1_313' title='bbox 1077 2340 1116 2373; x_wconf 87' lang='lat' dir='ltr'><strong>et</strong></span> <span class='ocrx_word' id='word_1_314' title='bbox 1144 2347 1165 2373; x_wconf 91' lang='lat' dir='ltr'><strong>e</strong></span> <span class='ocrx_word' id='word_1_315' title='bbox 1193 2347 1323 2373; x_wconf 83' lang='lat' dir='ltr'><strong>curru</strong></span> <span class='ocrx_word' id='word_1_316' title='bbox 1352 2335 1502 2374; x_wconf 89' lang='lat' dir='ltr'><strong>lunam</strong></span> <span class='ocrx_word' id='word_1_317' title='bbox 1530 2336 1736 2375; x_wconf 83' lang='lat' dir='ltr'><strong>deducere</strong></span> <span class='ocrx_word' id='word_1_318' title='bbox 1763 2340 1909 2378; x_wconf 87' lang='lat' dir='ltr'><strong>tentat.</strong></span> 
     </span>
     <span class='ocr_line' id='line_1_33' title="bbox 250 2400 2361 2453; baseline 0 -9"><span class='ocrx_word' id='word_1_319' title='bbox 250 2405 442 2452; x_wconf 85' lang='lat' dir='ltr'><strong>Carmen,</strong></span> <span class='ocrx_word' id='word_1_320' title='bbox 471 2404 585 2453; x_wconf 89' lang='lat' dir='ltr'><strong>quod</strong></span> <span class='ocrx_word' id='word_1_321' title='bbox 613 2403 766 2442; x_wconf 88' lang='lat' dir='ltr'><strong>dicitur</strong></span> <span class='ocrx_word' id='word_1_322' title='bbox 793 2404 1128 2453; x_wconf 60' lang='grc' dir='ltr'>παρακλαυσίθυρον,</span> <span class='ocrx_word' id='word_1_323' title='bbox 1157 2402 1269 2451; x_wconf 90' lang='lat' dir='ltr'><strong>apud</strong></span> <span class='ocrx_word' id='word_1_324' title='bbox 1297 2400 1507 2440; x_wconf 88' lang='lat' dir='ltr'><strong>TibuUum</strong></span> <span class='ocrx_word' id='word_1_325' title='bbox 1536 2405 1649 2441; x_wconf 84' lang='lat' dir='ltr'><strong>extat</strong></span> <span class='ocrx_word' id='word_1_326' title='bbox 1677 2403 1707 2450; x_wconf 95' lang='grc' dir='ltr'><strong>Ι,</strong></span> <span class='ocrx_word' id='word_1_327' title='bbox 1735 2403 1774 2450; x_wconf 81' lang='grc'><strong>2,</strong></span> <span class='ocrx_word' id='word_1_328' title='bbox 1804 2403 1921 2452; x_wconf 87' lang='lat' dir='ltr'><strong>apud</strong></span> <span class='ocrx_word' id='word_1_329' title='bbox 1944 2403 2210 2453; x_wconf 88' lang='lat' dir='ltr'><strong>Propertium</strong></span> <span class='ocrx_word' id='word_1_330' title='bbox 2238 2405 2267 2452; x_wconf 93' lang='grc' dir='ltr'><strong>Ι,</strong></span> <span class='ocrx_word' id='word_1_331' title='bbox 2296 2405 2361 2444; x_wconf 85' lang='grc'><strong>17.</strong></span> 
     </span>
     <span class='ocr_line' id='line_1_34' title="bbox 391 2466 1946 2519; baseline -0.001 -12"><span class='ocrx_word' id='word_1_332' title='bbox 391 2468 442 2507; x_wconf 87' lang='lat' dir='ltr'><strong>cf.</strong></span> <span class='ocrx_word' id='word_1_333' title='bbox 471 2469 594 2519; x_wconf 87' lang='lat' dir='ltr'><strong>Prop.</strong></span> <span class='ocrx_word' id='word_1_334' title='bbox 623 2469 654 2517; x_wconf 95' lang='lat' dir='ltr'><strong>I,</strong></span> <span class='ocrx_word' id='word_1_335' title='bbox 682 2469 799 2517; x_wconf 87' lang='lat'><strong>17‚37</strong></span> <span class='ocrx_word' id='word_1_336' title='bbox 891 2467 945 2506; x_wconf 91' lang='lat' dir='ltr'><strong>Te</strong></span> <span class='ocrx_word' id='word_1_337' title='bbox 972 2480 1060 2506; x_wconf 89' lang='lat' dir='ltr'><strong>non</strong></span> <span class='ocrx_word' id='word_1_338' title='bbox 1087 2467 1179 2505; x_wconf 85' lang='lat' dir='ltr'><strong>ulla</strong></span> <span class='ocrx_word' id='word_1_339' title='bbox 1206 2478 1325 2504; x_wconf 88' lang='lat' dir='ltr'><strong>meae</strong></span> <span class='ocrx_word' id='word_1_340' title='bbox 1354 2466 1475 2505; x_wconf 84' lang='lat' dir='ltr'><strong>laesit</strong></span> <span class='ocrx_word' id='word_1_341' title='bbox 1498 2468 1744 2517; x_wconf 82' lang='lat' dir='ltr'><strong>petulantia</strong></span> <span class='ocrx_word' id='word_1_342' title='bbox 1772 2468 1946 2516; x_wconf 73' lang='lat' dir='ltr'><strong>linquae</strong></span> 
     </span>
     <span class='ocr_line' id='line_1_35' title="bbox 481 2531 1921 2582; baseline 0 -9"><span class='ocrx_word' id='word_1_343' title='bbox 481 2551 532 2567; x_wconf 74' lang='lat' dir='ltr'><strong><em>z</em></strong></span> <span class='ocrx_word' id='word_1_344' title='bbox 565 2534 653 2573; x_wconf 86' lang='lat' dir='ltr'><strong>Tib.</strong></span> <span class='ocrx_word' id='word_1_345' title='bbox 682 2534 713 2582; x_wconf 93' lang='lat' dir='ltr'><strong>I,</strong></span> <span class='ocrx_word' id='word_1_346' title='bbox 740 2534 827 2582; x_wconf 67' lang='lat'><strong>211</strong></span> <span class='ocrx_word' id='word_1_347' title='bbox 888 2533 944 2572; x_wconf 84' lang='lat' dir='ltr'><strong>Et</strong></span> <span class='ocrx_word' id='word_1_348' title='bbox 974 2533 1090 2571; x_wconf 89' lang='lat' dir='ltr'><strong>mala</strong></span> <span class='ocrx_word' id='word_1_349' title='bbox 1118 2532 1241 2582; x_wconf 79' lang='lat' dir='ltr'><strong>siqua</strong></span> <span class='ocrx_word' id='word_1_350' title='bbox 1270 2531 1346 2569; x_wconf 81' lang='lat' dir='ltr'><strong>tibi</strong></span> <span class='ocrx_word' id='word_1_351' title='bbox 1375 2532 1489 2570; x_wconf 73' lang='lat' dir='ltr'><strong>dixit</strong></span> <span class='ocrx_word' id='word_1_352' title='bbox 1518 2532 1744 2570; x_wconf 82' lang='lat' dir='ltr'><strong>dementia·</strong></span> <span class='ocrx_word' id='word_1_353' title='bbox 1762 2536 1921 2573; x_wconf 87' lang='lat' dir='ltr'><strong>nostra.</strong></span> 
     </span>
     <span class='ocr_line' id='line_1_36' title="bbox 249 2597 1932 2650; baseline -0.001 -10"><span class='ocrx_word' id='word_1_354' title='bbox 249 2600 517 2650; x_wconf 86' lang='lat' dir='ltr'><strong>Singulorum</strong></span> <span class='ocrx_word' id='word_1_355' title='bbox 544 2611 747 2638; x_wconf 89' lang='lat' dir='ltr'><strong>versuum</strong></span> <span class='ocrx_word' id='word_1_356' title='bbox 775 2600 1063 2638; x_wconf 90' lang='lat' dir='ltr'><strong>elocutionum</strong></span> <span class='ocrx_word' id='word_1_357' title='bbox 1091 2599 1398 2637; x_wconf 85' lang='lat' dir='ltr'><strong>sententiarum</strong></span> <span class='ocrx_word' id='word_1_358' title='bbox 1426 2597 1533 2636; x_wconf 89' lang='lat' dir='ltr'><strong>haec</strong></span> <span class='ocrx_word' id='word_1_359' title='bbox 1561 2598 1735 2637; x_wconf 85' lang='lat' dir='ltr'><strong>afferam</strong></span> <span class='ocrx_word' id='word_1_360' title='bbox 1762 2599 1932 2638; x_wconf 85' lang='lat' dir='ltr'><strong>similia:</strong></span> 
     </span>
     <span class='ocr_line' id='line_1_37' title="bbox 442 2661 2012 2715; baseline 0 -11"><span class='ocrx_word' id='word_1_361' title='bbox 442 2665 569 2715; x_wconf 84' lang='lat' dir='ltr'><strong>Prop.</strong></span> <span class='ocrx_word' id='word_1_362' title='bbox 600 2664 669 2713; x_wconf 90' lang='grc' dir='ltr'>ΙΙΙ,</span> <span class='ocrx_word' id='word_1_363' title='bbox 696 2665 788 2713; x_wconf 75' lang='grc'>6,,23</span> <span class='ocrx_word' id='word_1_364' title='bbox 885 2663 999 2702; x_wconf 82' lang='lat' dir='ltr'><strong>Dum</strong></span> <span class='ocrx_word' id='word_1_365' title='bbox 1026 2674 1103 2700; x_wconf 89' lang='lat' dir='ltr'><strong>nos</strong></span> <span class='ocrx_word' id='word_1_366' title='bbox 1139 2662 1234 2711; x_wconf 82' lang='lat' dir='ltr'><strong>fata</strong></span> <span class='ocrx_word' id='word_1_367' title='bbox 1261 2662 1425 2709; x_wconf 83' lang='lat' dir='ltr'><strong>sinunt,</strong></span> <span class='ocrx_word' id='word_1_368' title='bbox 1457 2661 1596 2699; x_wconf 87' lang='lat' dir='ltr'><strong>oeulos</strong></span> <span class='ocrx_word' id='word_1_369' title='bbox 1624 2663 1826 2700; x_wconf 85' lang='lat' dir='ltr'><strong>satiemus</strong></span> <span class='ocrx_word' id='word_1_370' title='bbox 1854 2676 2012 2704; x_wconf 88' lang='lat' dir='ltr'><strong>amore.</strong></span> 
     </span>
     <span class='ocr_line' id='line_1_38' title="bbox 490 2727 1973 2778; baseline 0.001 -13"><span class='ocrx_word' id='word_1_371' title='bbox 490 2751 534 2765; x_wconf 87' lang='lat'><strong><em>=</em></strong></span> <span class='ocrx_word' id='word_1_372' title='bbox 563 2730 653 2770; x_wconf 91' lang='lat' dir='ltr'><strong>Tib.</strong></span> <span class='ocrx_word' id='word_1_373' title='bbox 682 2730 711 2778; x_wconf 95' lang='grc' dir='ltr'><strong>Ι,</strong></span> <span class='ocrx_word' id='word_1_374' title='bbox 739 2729 833 2777; x_wconf 86' lang='grc'>1,69</span> <span class='ocrx_word' id='word_1_375' title='bbox 887 2728 1058 2767; x_wconf 80' lang='lat' dir='ltr'><strong>Interea</strong></span> <span class='ocrx_word' id='word_1_376' title='bbox 1088 2727 1194 2765; x_wconf 88' lang='lat' dir='ltr'><strong>dum</strong></span> <span class='ocrx_word' id='word_1_377' title='bbox 1221 2727 1316 2777; x_wconf 82' lang='lat' dir='ltr'><strong>fata</strong></span> <span class='ocrx_word' id='word_1_378' title='bbox 1343 2728 1507 2775; x_wconf 82' lang='lat' dir='ltr'><strong>sinunt,</strong></span> <span class='ocrx_word' id='word_1_379' title='bbox 1536 2728 1767 2776; x_wconf 75' lang='lat' dir='ltr'><strong>iunqamus</strong></span> <span class='ocrx_word' id='word_1_380' title='bbox 1796 2740 1973 2770; x_wconf 89' lang='lat' dir='ltr'><strong>amores.</strong></span> 
     </span>
    </p>
   </div>
   <div class='ocr_carea' id='block_1_12' title="bbox 444 2803 1972 2920">
    <p class='ocr_par' dir='ltr' id='par_1_14' title="bbox 444 2803 1972 2920">
     <span class='ocr_line' id='line_1_39' title="bbox 444 2803 1926 2856; baseline -0.001 -10"><span class='ocrx_word' id='word_1_381' title='bbox 444 2807 566 2856; x_wconf 88' lang='lat' dir='ltr'><strong>Prop.</strong></span> <span class='ocrx_word' id='word_1_382' title='bbox 594 2806 660 2855; x_wconf 92' lang='lat' dir='ltr'><strong>IV,</strong></span> <span class='ocrx_word' id='word_1_383' title='bbox 687 2807 806 2854; x_wconf 62' lang='lat'><strong>2233</strong></span> <span class='ocrx_word' id='word_1_384' title='bbox 886 2805 1042 2844; x_wconf 88' lang='lat' dir='ltr'><strong>Vellere</strong></span> <span class='ocrx_word' id='word_1_385' title='bbox 1070 2804 1175 2842; x_wconf 84' lang='lat' dir='ltr'><strong>dum</strong></span> <span class='ocrx_word' id='word_1_386' title='bbox 1204 2803 1353 2854; x_wconf 77' lang='lat' dir='ltr'><strong>cupias</strong></span> <span class='ocrx_word' id='word_1_387' title='bbox 1381 2803 1492 2842; x_wconf 89' lang='lat' dir='ltr'><strong>albos</strong></span> <span class='ocrx_word' id='word_1_388' title='bbox 1521 2817 1548 2842; x_wconf 89' lang='lat' dir='ltr'><strong>a</strong></span> <span class='ocrx_word' id='word_1_389' title='bbox 1576 2805 1708 2854; x_wconf 81' lang='lat' dir='ltr'><strong>stirpe</strong></span> <span class='ocrx_word' id='word_1_390' title='bbox 1736 2806 1926 2855; x_wconf 84' lang='lat' dir='ltr'><strong>capillos.</strong></span> 
     </span>
     <span class='ocr_line' id='line_1_40' title="bbox 492 2868 1972 2920; baseline 0 -11"><span class='ocrx_word' id='word_1_391' title='bbox 492 2887 544 2904; x_wconf 87' lang='lat'><strong>==</strong></span> <span class='ocrx_word' id='word_1_392' title='bbox 571 2871 659 2909; x_wconf 90' lang='lat' dir='ltr'><strong>Tib.</strong></span> <span class='ocrx_word' id='word_1_393' title='bbox 690 2871 719 2919; x_wconf 93' lang='lat'><strong>1,</strong></span> <span class='ocrx_word' id='word_1_394' title='bbox 747 2871 840 2918; x_wconf 81' lang='lat'><strong>8,45</strong></span> <span class='ocrx_word' id='word_1_395' title='bbox 899 2870 1058 2909; x_wconf 88' lang='lat' dir='ltr'><strong>Tollere</strong></span> <span class='ocrx_word' id='word_1_396' title='bbox 1086 2872 1177 2907; x_wconf 85' lang='lat' dir='ltr'><strong>tum</strong></span> <span class='ocrx_word' id='word_1_397' title='bbox 1206 2880 1311 2906; x_wconf 80' lang='lat' dir='ltr'><strong>cura</strong></span> <span class='ocrx_word' id='word_1_398' title='bbox 1339 2872 1398 2906; x_wconf 87' lang='lat' dir='ltr'><strong>est</strong></span> <span class='ocrx_word' id='word_1_399' title='bbox 1426 2868 1541 2907; x_wconf 89' lang='lat' dir='ltr'><strong>albos</strong></span> <span class='ocrx_word' id='word_1_400' title='bbox 1569 2880 1594 2906; x_wconf 89' lang='lat' dir='ltr'><strong>a</strong></span> <span class='ocrx_word' id='word_1_401' title='bbox 1624 2870 1756 2919; x_wconf 81' lang='lat' dir='ltr'><strong>stirpe</strong></span> <span class='ocrx_word' id='word_1_402' title='bbox 1784 2871 1972 2920; x_wconf 81' lang='lat' dir='ltr'><strong>capillos.</strong></span> 
     </span>
    </p>
   </div>
   <div class='ocr_carea' id='block_1_13' title="bbox 446 2941 2223 3205">
    <p class='ocr_par' dir='ltr' id='par_1_15' title="bbox 446 2941 2223 3205">
     <span class='ocr_line' id='line_1_41' title="bbox 446 2941 1991 2999; baseline 0 -12"><span class='ocrx_word' id='word_1_403' title='bbox 446 2949 569 2999; x_wconf 91' lang='lat' dir='ltr'><strong>Prop.</strong></span> <span class='ocrx_word' id='word_1_404' title='bbox 598 2948 645 2997; x_wconf 90' lang='lat' dir='ltr'><strong>V,</strong></span> <span class='ocrx_word' id='word_1_405' title='bbox 671 2949 738 2996; x_wconf 87' lang='lat'><strong>6,5</strong></span> <span class='ocrx_word' id='word_1_406' title='bbox 892 2978 902 2988; x_wconf 94' lang='lat'><strong>.</strong></span> <span class='ocrx_word' id='word_1_407' title='bbox 958 2978 969 2988; x_wconf 92' lang='lat'><strong>.</strong></span> <span class='ocrx_word' id='word_1_408' title='bbox 1023 2977 1034 2986; x_wconf 90' lang='lat'><strong>.</strong></span> <span class='ocrx_word' id='word_1_409' title='bbox 1090 2977 1101 2987; x_wconf 92' lang='lat'><strong>.</strong></span> <span class='ocrx_word' id='word_1_410' title='bbox 1155 2945 1253 2984; x_wconf 87' lang='lat' dir='ltr'><strong>date</strong></span> <span class='ocrx_word' id='word_1_411' title='bbox 1281 2949 1320 2984; x_wconf 87' lang='lat' dir='ltr'><strong>et</strong></span> <span class='ocrx_word' id='word_1_412' title='bbox 1346 2945 1494 2986; x_wconf 84' lang='lat' dir='ltr'><strong>blandi</strong></span> <span class='ocrx_word' id='word_1_413' title='bbox 1523 2947 1633 2986; x_wconf 84' lang='lat' dir='ltr'><strong>mihi</strong></span> <span class='ocrx_word' id='word_1_414' title='bbox 1662 2941 1771 2986; x_wconf 85' lang='lat' dir='ltr'><strong>turis</strong></span> <span class='ocrx_word' id='word_1_415' title='bbox 1800 2949 1991 2988; x_wconf 84' lang='lat' dir='ltr'><strong>honores.</strong></span> 
     </span>
     <span class='ocr_line' id='line_1_42' title="bbox 487 3011 1708 3062; baseline -0.001 -10"><span class='ocrx_word' id='word_1_416' title='bbox 487 3027 532 3042; x_wconf 93' lang='lat'><strong><em>=</em></strong></span> <span class='ocrx_word' id='word_1_417' title='bbox 561 3013 651 3052; x_wconf 85' lang='lat' dir='ltr'><strong>Tib.</strong></span> <span class='ocrx_word' id='word_1_418' title='bbox 680 3013 711 3060; x_wconf 93' lang='grc' dir='ltr'><strong>Ι,</strong></span> <span class='ocrx_word' id='word_1_419' title='bbox 740 3013 830 3062; x_wconf 84' lang='lat'><strong>7,53</strong></span> <span class='ocrx_word' id='word_1_420' title='bbox 886 3044 896 3053; x_wconf 92' lang='lat'><strong>.</strong></span> <span class='ocrx_word' id='word_1_421' title='bbox 950 3043 960 3053; x_wconf 95' lang='lat'><strong>.</strong></span> <span class='ocrx_word' id='word_1_422' title='bbox 1017 3043 1027 3053; x_wconf 94' lang='lat'><strong>.</strong></span> <span class='ocrx_word' id='word_1_423' title='bbox 1083 3042 1093 3052; x_wconf 96' lang='lat'><strong>.</strong></span> <span class='ocrx_word' id='word_1_424' title='bbox 1147 3011 1226 3050; x_wconf 77' lang='lat' dir='ltr'><strong>tibi</strong></span> <span class='ocrx_word' id='word_1_425' title='bbox 1254 3011 1352 3050; x_wconf 89' lang='lat' dir='ltr'><strong>dem</strong></span> <span class='ocrx_word' id='word_1_426' title='bbox 1380 3013 1491 3050; x_wconf 85' lang='lat' dir='ltr'><strong>turis</strong></span> <span class='ocrx_word' id='word_1_427' title='bbox 1518 3013 1708 3052; x_wconf 82' lang='lat' dir='ltr'><strong>honores,</strong></span> 
     </span>
     <span class='ocr_line' id='line_1_43' title="bbox 448 3089 1676 3140; baseline -0.002 -11"><span class='ocrx_word' id='word_1_428' title='bbox 448 3090 570 3140; x_wconf 88' lang='lat' dir='ltr'><strong>Prop.</strong></span> <span class='ocrx_word' id='word_1_429' title='bbox 599 3090 644 3138; x_wconf 91' lang='lat' dir='ltr'><strong>V,</strong></span> <span class='ocrx_word' id='word_1_430' title='bbox 671 3089 765 3138; x_wconf 90' lang='grc'>3,69</span> <span class='ocrx_word' id='word_1_431' title='bbox 890 3121 899 3130; x_wconf 92' lang='grc'><strong>.</strong></span> <span class='ocrx_word' id='word_1_432' title='bbox 954 3120 963 3129; x_wconf 90' lang='grc'><strong>.</strong></span> <span class='ocrx_word' id='word_1_433' title='bbox 1020 3120 1030 3128; x_wconf 90' lang='grc'><em>.</em></span> <span class='ocrx_word' id='word_1_434' title='bbox 1088 3121 1097 3129; x_wconf 91' lang='grc'><strong>.</strong></span> <span class='ocrx_word' id='word_1_435' title='bbox 1151 3101 1351 3127; x_wconf 86' lang='lat' dir='ltr'><strong>conserva</strong></span> <span class='ocrx_word' id='word_1_436' title='bbox 1378 3089 1554 3139; x_wconf 77' lang='lat' dir='ltr'><strong>foedera</strong></span> <span class='ocrx_word' id='word_1_437' title='bbox 1582 3090 1676 3128; x_wconf 87' lang='lat' dir='ltr'><strong>lecti</strong></span> 
     </span>
     <span class='ocr_line' id='line_1_44' title="bbox 519 3154 2223 3205; baseline -0.002 -11"><span class='ocrx_word' id='word_1_438' title='bbox 519 3169 564 3184; x_wconf 94' lang='lat'><strong><em>=</em></strong></span> <span class='ocrx_word' id='word_1_439' title='bbox 593 3155 681 3194; x_wconf 91' lang='lat' dir='ltr'><strong>Tib.</strong></span> <span class='ocrx_word' id='word_1_440' title='bbox 710 3156 740 3203; x_wconf 89' lang='grc' dir='ltr'><strong>Ι,</strong></span> <span class='ocrx_word' id='word_1_441' title='bbox 767 3156 832 3203; x_wconf 84' lang='grc'><strong>5,7</strong></span> <span class='ocrx_word' id='word_1_442' title='bbox 889 3186 897 3194; x_wconf 94' lang='grc'><strong>.</strong></span> <span class='ocrx_word' id='word_1_443' title='bbox 955 3186 965 3195; x_wconf 97' lang='grc'><em>.</em></span> <span class='ocrx_word' id='word_1_444' title='bbox 1020 3186 1030 3195; x_wconf 95' lang='grc'><strong>.</strong></span> <span class='ocrx_word' id='word_1_445' title='bbox 1080 3167 1161 3205; x_wconf 86' lang='lat' dir='ltr'><strong>per</strong></span> <span class='ocrx_word' id='word_1_446' title='bbox 1187 3159 1227 3193; x_wconf 88' lang='lat' dir='ltr'><strong>te</strong></span> <span class='ocrx_word' id='word_1_447' title='bbox 1254 3154 1409 3205; x_wconf 85' lang='lat' dir='ltr'><strong>furtivi</strong></span> <span class='ocrx_word' id='word_1_448' title='bbox 1435 3155 1611 3205; x_wconf 82' lang='lat' dir='ltr'><strong>foedera</strong></span> <span class='ocrx_word' id='word_1_449' title='bbox 1638 3155 1731 3192; x_wconf 85' lang='lat' dir='ltr'><strong>lecti</strong></span> <span class='ocrx_word' id='word_1_450' title='bbox 1788 3185 1799 3194; x_wconf 86' lang='lat'><strong>.</strong></span> <span class='ocrx_word' id='word_1_451' title='bbox 1862 3186 1870 3194; x_wconf 95' lang='lat'><strong>.</strong></span> <span class='ocrx_word' id='word_1_452' title='bbox 1931 3184 1940 3193; x_wconf 93' lang='lat'><strong>.</strong></span> <span class='ocrx_word' id='word_1_453' title='bbox 2000 3183 2012 3195; x_wconf 88' lang='lat'><strong>.</strong></span> <span class='ocrx_word' id='word_1_454' title='bbox 2070 3166 2223 3203; x_wconf 83' lang='lat' dir='ltr'><strong>quaeso</strong></span> 
     </span>
    </p>
   </div>
   <div class='ocr_carea' id='block_1_14' title="bbox 112 3256 396 3263">
    <p class='ocr_par' dir='ltr' id='par_1_16' title="bbox 112 3256 396 3263">
     <span class='ocr_line' id='line_1_45' title="bbox 112 3256 396 3263; baseline 0 481"><span class='ocrx_word' id='word_1_455' title='bbox 112 3256 396 3263; x_wconf 95' lang='lat' dir='ltr'><strong> </strong></span> 
     </span>
    </p>
   </div>
   <div class='ocr_carea' id='block_1_15' title="bbox 113 3300 2449 3408">
    <p class='ocr_par' dir='ltr' id='par_1_17' title="bbox 113 3300 2449 3408">
     <span class='ocr_line' id='line_1_46' title="bbox 262 3300 2449 3348; baseline 0 -10"><span class='ocrx_word' id='word_1_456' title='bbox 262 3302 290 3348; x_wconf 79' lang='grc' dir='ltr'><strong>ι)</strong></span> <span class='ocrx_word' id='word_1_457' title='bbox 312 3301 601 3339; x_wconf 88' lang='lat' dir='ltr'><strong>Broukhusium</strong></span> <span class='ocrx_word' id='word_1_458' title='bbox 647 3301 750 3338; x_wconf 89' lang='lat' dir='ltr'><strong>hanc</strong></span> <span class='ocrx_word' id='word_1_459' title='bbox 790 3302 1004 3347; x_wconf 88' lang='lat' dir='ltr'><strong>protulisse</strong></span> <span class='ocrx_word' id='word_1_460' title='bbox 1045 3303 1316 3338; x_wconf 88' lang='lat' dir='ltr'><strong>coniecturam</strong></span> <span class='ocrx_word' id='word_1_461' title='bbox 1363 3302 1563 3338; x_wconf 87' lang='lat' dir='ltr'><strong>oblivione</strong></span> <span class='ocrx_word' id='word_1_462' title='bbox 1609 3311 1739 3347; x_wconf 90' lang='lat' dir='ltr'><strong>paene</strong></span> <span class='ocrx_word' id='word_1_463' title='bbox 1782 3301 1965 3337; x_wconf 83' lang='lat' dir='ltr'><strong>obrutam</strong></span> <span class='ocrx_word' id='word_1_464' title='bbox 2006 3302 2180 3336; x_wconf 55' lang='lat' dir='ltr'><strong>testatur</strong></span> <span class='ocrx_word' id='word_1_465' title='bbox 2221 3300 2449 3339; x_wconf 82' lang='lat' dir='ltr'><strong>Huschkius</strong></span> 
     </span>
     <span class='ocr_line' id='line_1_47' title="bbox 113 3360 394 3408; baseline -0.004 -10"><span class='ocrx_word' id='word_1_466' title='bbox 113 3361 232 3407; x_wconf 88' lang='lat' dir='ltr'><strong>(edid.</strong></span> <span class='ocrx_word' id='word_1_467' title='bbox 255 3372 295 3408; x_wconf 88' lang='lat' dir='ltr'><strong>p.</strong></span> <span class='ocrx_word' id='word_1_468' title='bbox 318 3360 394 3406; x_wconf 82' lang='grc'>46.)</span> 
     </span>
    </p>
   </div>
  </div>
 </body>
</html>
