2736 3788
1378 229 1614 270 -3-

334 368 416 407 qua
444 361 621 404 ceterae,
659 355 869 405 quomodo
906 354 1108 404 originem
1137 353 1343 402 duxerint,
1373 353 1643 404 probabiliter
1670 358 1802 407 possit
1830 359 1937 397 erui:
1968 357 2074 398 haec
2102 361 2244 398 autem
2280 359 2404 399 lectio
2433 360 2672 400 communis

333 421 548 472 archetypi
576 431 671 459 esse
698 419 921 459 iudicanda
941 418 1029 458 erit.
1072 418 1268 458 Secundo
1296 418 1449 459 deinde
1479 420 1572 460 loco
1595 422 1905 472 anquirendum
1935 427 2011 472 est,
2032 434 2133 462 num
2153 423 2212 462 ita
2233 434 2328 463 sese
2349 425 2673 465 commendetur

332 487 402 525 illa
429 486 654 535 scriptura,
683 488 729 524 ut
758 495 833 534 pro
861 495 964 523 vera
991 488 1118 534 atque
1147 484 1330 534 genuina
1358 483 1503 524 haberi
1532 487 1678 535 possit.
1729 487 1851 526 Nunc
1879 492 2020 527 autem
2049 489 2085 528 si
2115 499 2214 528 cum
2235 476 2490 540 Rossbergio
2518 501 2544 529 a
2571 489 2667 530 cod.

333 551 367 589 A
395 550 573 589 lectione
606 561 731 598 aqros
767 549 975 597 ordimur,
1012 560 1195 599 quanam
1240 550 1399 589 ratione
1429 561 1481 590 ex
1509 550 1590 590 hac
1618 552 1798 591 lectione
1827 552 1983 592 codicis
2012 553 2057 602 V,
2086 557 2232 603 utpote
2260 564 2388 603 quem
2424 559 2591 596 constet
2619 565 2672 595 ex

332 615 482 655 eodem
511 614 736 664 exemplari
765 614 1026 663 descriptum
1055 625 1162 662 esse,
1190 614 1439 664 scripturam
1468 618 1615 666 ‘yreyes
1651 620 1787 656 ortam
1823 627 1917 656 esse
1953 617 2073 657 nobis
2108 617 2345 668 fingemus?
2381 618 2529 668 Neque
2557 619 2670 659 enim

331 682 552 730 quisquam
581 690 707 719 sanae
735 680 889 719 mentis
917 680 970 719 de
1000 691 1142 719 errore
1172 679 1327 719 librarii
1354 680 1423 719 vel
1457 681 1580 731 lapsu
1609 682 1759 721 calami
1789 682 1998 732 cogitabit.
2055 683 2120 721 An
2149 682 2202 721 ad
2233 693 2328 722 eam
2357 683 2668 724 descendamus

330 747 588 796 opinionem,
623 749 670 784 ut
703 756 779 795 per
814 746 1101 785 coniecturam
1139 749 1336 795 putemus
1371 746 1584 786 librarium
1618 751 1704 786 tam
1739 747 1863 786 foede
1899 752 2045 787 contra
2079 759 2170 787 rem
2206 750 2427 788 metricam
2464 759 2668 799 peccasse

330 812 463 861 (inter
492 811 684 862 9re9es)⁶?
725 811 872 861 Itaque
901 823 1045 861 Ψᾶρες
1074 822 1125 850 ex
1154 823 1279 861 ayros
1309 811 1462 851 deduci
1490 813 1648 862 nequit.
1710 813 1762 851 At
1791 823 1891 852 vero
1929 814 1964 852 si
1992 813 2221 871 statuimus,
2236 812 2511 864 archetypum
2543 813 2664 853 codd.

330 876 471 927 AV(y)
498 876 723 916 tradidisse
751 877 842 927 ipse
870 888 1034 926 quoque
1062 876 1176 914 inter
1204 888 1364 926 ριν-6963,
1396 876 1496 926 quid
1525 878 1616 916 veri
1636 881 1774 927 potest
1802 878 1900 927 poni
1938 878 2116 917 similius
2144 889 2270 928 quam
2297 878 2513 918 librarium
2539 889 2670 929 quen-

329 942 437 987 dam,
467 946 511 981 ut
539 943 761 981 metricam
789 942 1062 981 offensionem
1090 942 1269 989 tolleret,
1304 941 1510 981 vocabulo
1545 954 1691 992 97¹6qu
1719 943 1944 981 lectionem
1974 955 2099 993 aqros
2128 945 2493 994 superscripsisse,
2522 954 2668 995 super-

329 1007 528 1057 scriptam
556 1018 707 1046 vocem
735 1030 787 1035 —
816 1007 930 1056 quod
958 1007 1206 1056 saepissime
1234 1007 1392 1046 factum
1422 1012 1488 1047 est
1515 1031 1568 1036 —
1595 1009 1637 1047 in
1668 1008 1759 1048 cod.
1789 1008 1824 1046 A
1854 1008 2087 1047 transisse?
2123 1009 2329 1056 Quoniam
2365 1010 2489 1059 igitur
2523 1021 2668 1060 ‚qreqes

327 1083 379 1111 ex
407 1085 531 1123 ayros
560 1072 903 1122 haudquaquam,
933 1073 1129 1112 facillime
1165 1084 1289 1122 ayros
1324 1083 1376 1112 ex
1403 1085 1565 1124 yreyes,
1604 1075 1819 1123 quomodo
1850 1074 2055 1124 originem
2085 1076 2269 1123 traxerit,
2299 1075 2485 1126 intellegi
2513 1078 2663 1126 potest,

326 1138 439 1178 haud
467 1139 763 1187 dubitabimus,
792 1139 893 1188 quin
921 1137 1180 1189 archetypus
1207 1138 1328 1177 codd.
1358 1138 1429 1177 AV
1456 1137 1570 1178 hunc
1597 1143 1759 1178 textum
1798 1138 2034 1178 exhibuerit
2068 1144 2333 1190 corruptum:
2373 1141 2463 1191 ipse
2500 1152 2667 1190 quoque

327 1203 440 1241 inter
467 1215 626 1253 {tr-eyes,
686 1202 808 1241 Vides
836 1202 962 1252 igitur
989 1203 1127 1252 ipsum
1154 1202 1475 1242 fundamentum
1511 1214 1725 1249 corruere,
1763 1215 1846 1254 quo
1881 1204 2031 1243 Klotzii
2066 1204 2212 1243 nititur
2248 1206 2502 1245 coniectura.
2564 1205 2666 1254 Iam,

328 1273 371 1308 ut
418 1267 541 1308 huius
588 1269 851 1319 corruptelae
899 1269 1231 1318 pervestigemus
1282 1270 1507 1319 originem,
1552 1270 1605 1308 ad
1651 1270 1743 1309 cod.
1790 1269 1825 1308 G
1868 1270 2170 1321 confugiemus,
2214 1271 2283 1310 ubi
2323 1273 2504 1322 primum
2545 1270 2666 1311 nobis

326 1334 508 1373 occurrit
555 1334 679 1373 lectio
732 1346 899 1384 9223qu
959 1345 1086 1383 quam
1136 1335 1221 1373 iam
1274 1339 1398 1374 antea
1453 1336 1735 1385 antiquiorem
1792 1346 1887 1374 esse
1941 1335 2238 1385 iudicavimus,
2295 1336 2450 1376 deinde
2497 1340 2661 1376 textum

326 1399 532 1439 habemus
561 1399 698 1438 omnis
736 1400 934 1438 metricae
971 1399 1212 1438 offensionis
1250 1405 1478 1450 expertem.
1536 1401 1674 1450 Atque
1709 1401 1744 1439 si
1783 1401 2003 1450 contigerit
2037 1401 2167 1440 verba
2204 1402 2273 1441 illa
2310 1401 2537 1452 depravata
2571 1401 2662 1452 ipse

326 1476 525 1515 quoque
555 1466 694 1504 inter
723 1477 879 1516 yreqes,
909 1465 1123 1516 quomodo
1153 1466 1387 1505 emanarint
1417 1477 1467 1506 ex
1497 1466 1587 1516 ipse
1617 1466 1858 1516 interque
1886 1478 2046 1517 qreqes,
2070 1467 2343 1517 probabiliter
2362 1467 2665 1516 demonstrare,

323 1534 414 1569 tum
443 1542 517 1581 pro
547 1535 662 1570 certo
690 1542 849 1581 ponere
877 1533 1108 1582 poterimus
1137 1531 1227 1570 cod.
1259 1530 1294 1570 G
1322 1530 1406 1571 hob
1435 1533 1527 1571 loco
1556 1533 1796 1572 communis
1824 1531 2040 1582 archetypi
2071 1531 2142 1583 (O)
2171 1544 2368 1573 servasse
2397 1533 2662 1584 scripturam.

324 1596 407 1636 Fac
435 1597 559 1646 igitur
586 1598 627 1636 in
656 1596 737 1636 hoc
771 1597 1000 1648 archetypo
1037 1608 1113 1647 per
1149 1597 1449 1647 compendium
1485 1599 1689 1648 scriptum
1731 1598 1862 1637 fuisse
1898 1593 2060 1648 interq;
2091 1603 2153 1650 (=
2183 1599 2417 1649 interque);
2445 1599 2512 1638 fac
2540 1609 2666 1649 porro

324 1660 405 1701 hoc
434 1662 731 1712 compendium
760 1673 857 1702 cum
885 1664 1003 1701 vocis
1031 1674 1197 1712 quoque
1225 1662 1522 1701 abbrevatione
1550 1662 1761 1702 simillima
1789 1657 1828 1713 q,
1859 1652 2081 1703 confusi-sm
2118 1674 2225 1712 esse,
2265 1668 2356 1704 tum
2390 1664 2659 1713 transpositio

326 1726 625 1766 vocabulorum
655 1728 766 1766 inter
795 1740 961 1778 quoque
989 1728 1083 1767 ideo
1112 1729 1169 1767 nil
1198 1727 1369 1767 habebit
1397 1728 1503 1776 miri,
1533 1728 1659 1778 quod,
1690 1733 1734 1768 ut
1761 1729 1804 1768 in
1833 1730 2029 1769 omnibus
2065 1730 2153 1769 fere
2182 1730 2402 1770 codicibus
2426 1731 2525 1770 talia
2551 1730 2662 1770 facta

325 1797 434 1841 sunt,
461 1794 519 1832 ita
547 1791 611 1832 his
641 1804 809 1843 quoque
837 1795 879 1833 in
901 1793 1015 1833 libris
1046 1792 1168 1833 huius
1188 1794 1249 1833 rei
1268 1794 1462 1844 exempla
1480 1794 1658 1833 inveniri
1678 1794 1801 1844 paulo
1823 1799 1919 1845 post
1937 1795 2186 1834 videbimus.
2235 1795 2382 1846 Itaque
2402 1795 2665 1846 corruptelae

325 1859 536 1898 nascentis
565 1862 606 1898 et
635 1859 757 1898 latius
785 1860 993 1909 serpentis
1021 1858 1131 1898 hanc
1160 1860 1314 1898 claram
1344 1858 1464 1898 nobis
1493 1859 1719 1899 informare
1749 1860 1978 1910 poterimus
2008 1861 2254 1911 imaginem:

1247 1946 1500 1998 archetypus
1531 1947 1564 1987 Ο

1240 2010 1396 2064 interq3
1425 2026 1576 2066 greges

1485 2288 1640 2347 inter&
1669 2308 1819 2348 greges

1473 2413 1584 2452 iuter
1612 2421 1783 2462 quoque
1811 2421 1965 2461 greges

1415 2535 1584 2576 quoque
1612 2525 1722 2563 inter
1749 2533 1899 2573 greges

1605 2587 1615 2648 Ι
1737 2605 1862 2645 agros

1396 2660 1565 2701 quoque
1595 2649 1705 2688 inter
1732 2659 1881 2699 greges

1489 2702 1601 2755 (cod.
1630 2701 1675 2753 y)

867 2890 902 2930 G
1292 2773 1880 2938 VsNA

671 2956 863 3005 interque
879 2967 1029 3014 greges
1071 2967 1240 3006 quoque
1255 2955 1363 2995 inter
1382 2967 1532 3007 greges
1607 2967 1779 3007 quoque
1807 2959 1916 2997 inter
1944 2969 2066 3009 agros

322 3041 467 3092 Itaque
507 3043 819 3084 demonstrasse
861 3043 963 3084 mihi
1004 3045 1150 3084 videor
1191 3045 1280 3084 cod.
1312 3043 1347 3083 G
1381 3044 1461 3084 hoc
1496 3045 1589 3085 loco
1630 3047 1884 3098 scripturam
1931 3047 2160 3096 antiquitus
2206 3044 2403 3085 traditam
2451 3042 2660 3083 exhibere.

322 3108 562 3148 Proximum
590 3113 667 3158 est,
696 3113 742 3149 ut
769 3120 1034 3159 quaeramus,
1063 3122 1164 3150 num
1199 3111 1327 3150 etiam
1360 3121 1436 3160 pro
1471 3122 1572 3150 vere
1602 3111 1836 3152 Tibulliana
1863 3112 2009 3153 haberi
2044 3113 2186 3163 possit.
2243 3111 2381 3161 Atque
2409 3119 2576 3157 caveas,
2604 3119 2659 3148 ne

323 3173 471 3213 Klotzii
484 3174 635 3214 iudicio
650 3175 922 3215 acerbissimo
938 3177 1093 3225 pariter
1106 3180 1234 3226 atque
1247 3176 1506 3215 inustissimo
1533 3176 1609 3216 tibi
1635 3178 1796 3228 imponi
1820 3180 1991 3229 patiaris
2007 3189 2105 3219 cum
2119 3179 2406 3226 indignatione
2425 3174 2664 3217 exclaman-

321 3239 376 3278 tis
393 3239 584 3290 interque
597 3252 741 3291 yreyes
755 3240 1085 3280 infelicissimam
1098 3252 1193 3281 esse
1206 3242 1492 3281 coniecturam
1506 3253 1695 3292 unquam
1713 3242 1864 3283 Tibulli
1883 3244 2139 3284 carminibus
2157 3243 2351 3285 adlatam.
2381 3244 2660 3294 Rossbergius

323 3304 519 3343 nimirum
555 3315 630 3354 pro
665 3307 873 3346 sententia
906 3317 984 3345 sua
1020 3317 1116 3345 cum
1153 3307 1224 3346 illo
1261 3307 1493 3355 consentit3
1529 3306 1606 3347 sed
1648 3307 1749 3358 quid
1786 3309 1900 3348 valet
1935 3313 2243 3360 argumentum,
2279 3298 2417 3360 quale'
2440 3314 2522 3350 est:
2551 3308 2660 3359 „Das

324 3380 487 3419 quoque
515 3369 679 3410 scheint
706 3370 822 3411 nicht
850 3371 1110 3432 ausgegeben
1138 3371 1309 3412 werden
1337 3383 1388 3412 zu
1417 3371 1610 3412 diirfen“l
1666 3373 1803 3413 Immo
1837 3385 1952 3424 vero,
1981 3378 2078 3424 post
2111 3385 2344 3424 pronomen
2373 3375 2464 3424 ipse
2493 3375 2659 3415 Amoris
