<?xml version="1.0" encoding="UTF-8"?>
<!DOCTYPE html PUBLIC "-//W3C//DTD XHTML 1.0 Transitional//EN"
    "http://www.w3.org/TR/xhtml1/DTD/xhtml1-transitional.dtd">
<html xmlns="http://www.w3.org/1999/xhtml" xml:lang="en" lang="en">
 <head>
  <title>
</title>
<meta http-equiv="Content-Type" content="text/html;charset=utf-8" />
  <meta name='ocr-system' content='tesseract 3.04.00' />
  <meta name='ocr-capabilities' content='ocr_page ocr_carea ocr_par ocr_line ocrx_word'/>
</head>
<body>
  <div class='ocr_page' id='page_1' title='image "./detibullicodicum00widduoft_0020.png"; bbox 0 0 2756 3770; ppageno 0'>
   <div class='ocr_carea' id='block_1_1' title="bbox 103 357 262 404">
    <p class='ocr_par' dir='ltr' id='par_1_1' title="bbox 103 357 262 404">
     <span class='ocr_line' id='line_1_1' title="bbox 103 357 262 404; baseline -0.006 -10"><span class='ocrx_word' id='word_1_1' title='bbox 103 360 152 404; x_wconf 89' lang='lat'>11,</span> <span class='ocrx_word' id='word_1_2' title='bbox 178 357 262 404; x_wconf 81' lang='lat'>4,10</span> 
     </span>
    </p>
   </div>
   <div class='ocr_carea' id='block_1_2' title="bbox 51 760 263 807">
    <p class='ocr_par' dir='ltr' id='par_1_2' title="bbox 51 760 263 807">
     <span class='ocr_line' id='line_1_2' title="bbox 51 760 263 807; baseline 0.005 -11"><span class='ocrx_word' id='word_1_3' title='bbox 51 770 189 807; x_wconf 83' lang='lat' dir='ltr'>paneg.</span> <span class='ocrx_word' id='word_1_4' title='bbox 216 760 263 794; x_wconf 77' lang='grc'>40</span> 
     </span>
    </p>
   </div>
   <div class='ocr_carea' id='block_1_3' title="bbox 55 912 262 1004">
    <p class='ocr_par' dir='ltr' id='par_1_3' title="bbox 55 912 262 1004">
     <span class='ocr_line' id='line_1_3' title="bbox 55 912 262 956; baseline -0.01 -8"><span class='ocrx_word' id='word_1_5' title='bbox 55 914 105 948; x_wconf 88' lang='lat' dir='ltr'>de</span> <span class='ocrx_word' id='word_1_6' title='bbox 113 912 176 947; x_wconf 88' lang='lat' dir='ltr'>Sul</span> <span class='ocrx_word' id='word_1_7' title='bbox 182 915 262 956; x_wconf 88' lang='lat' dir='ltr'>p.et</span> 
     </span>
     <span class='ocr_line' id='line_1_4' title="bbox 55 959 261 1004; baseline -0.015 -8"><span class='ocrx_word' id='word_1_8' title='bbox 55 959 261 1004; x_wconf 74' lang='lat' dir='ltr'>Cer.a.4‚‘16</span> 
     </span>
    </p>
   </div>
   <div class='ocr_carea' id='block_1_4' title="bbox 50 1197 262 1314">
    <p class='ocr_par' dir='ltr' id='par_1_4' title="bbox 50 1197 262 1314">
     <span class='ocr_line' id='line_1_5' title="bbox 51 1197 262 1244; baseline -0.014 -10"><span class='ocrx_word' id='word_1_9' title='bbox 51 1208 190 1244; x_wconf 89' lang='lat' dir='ltr'>paneg.</span> <span class='ocrx_word' id='word_1_10' title='bbox 214 1197 262 1232; x_wconf 79' lang='lat'>40</span> 
     </span>
     <span class='ocr_line' id='line_1_6' title="bbox 50 1267 262 1314; baseline -0.005 -10"><span class='ocrx_word' id='word_1_11' title='bbox 50 1267 262 1314; x_wconf 81' lang='lat' dir='ltr'>paneg.200</span> 
     </span>
    </p>
   </div>
   <div class='ocr_carea' id='block_1_5' title="bbox 128 1397 263 1444">
    <p class='ocr_par' dir='ltr' id='par_1_5' title="bbox 128 1397 263 1444">
     <span class='ocr_line' id='line_1_7' title="bbox 128 1397 263 1444; baseline -0.007 -11"><span class='ocrx_word' id='word_1_12' title='bbox 128 1398 153 1441; x_wconf 84' lang='lat'>1,</span> <span class='ocrx_word' id='word_1_13' title='bbox 179 1397 263 1444; x_wconf 68' lang='lat' dir='ltr'>aea</span> 
     </span>
    </p>
   </div>
   <div class='ocr_carea' id='block_1_6' title="bbox 1375 223 1641 263">
    <p class='ocr_par' dir='ltr' id='par_1_6' title="bbox 1375 223 1641 263">
     <span class='ocr_line' id='line_1_8' title="bbox 1375 223 1641 263; baseline 0 -11"><span class='ocrx_word' id='word_1_14' title='bbox 1375 223 1641 263; x_wconf 66' lang='lat'><strong>—43-</strong></span> 
     </span>
    </p>
   </div>
   <div class='ocr_carea' id='block_1_7' title="bbox 330 346 2722 2228">
    <p class='ocr_par' dir='ltr' id='par_1_7' title="bbox 332 346 2684 725">
     <span class='ocr_line' id='line_1_9' title="bbox 643 346 2382 399; baseline -0.001 -9"><span class='ocrx_word' id='word_1_15' title='bbox 643 351 691 399; x_wconf 91' lang='grc' dir='ltr'>ΙΙ,</span> <span class='ocrx_word' id='word_1_16' title='bbox 719 351 812 399; x_wconf 79' lang='grc'>4,10</span> <span class='ocrx_word' id='word_1_17' title='bbox 839 350 882 389; x_wconf 94' lang='lat' dir='ltr'>in</span> <span class='ocrx_word' id='word_1_18' title='bbox 912 349 947 388; x_wconf 91' lang='lat' dir='ltr'>G</span> <span class='ocrx_word' id='word_1_19' title='bbox 976 346 1205 398; x_wconf 71' lang='lat' dir='ltr'>Naufraqa</span> <span class='ocrx_word' id='word_1_20' title='bbox 1233 359 1361 398; x_wconf 81' lang='lat' dir='ltr'>quam</span> <span class='ocrx_word' id='word_1_21' title='bbox 1391 348 1470 399; x_wconf 91' lang='lat' dir='ltr'>(sc.</span> <span class='ocrx_word' id='word_1_22' title='bbox 1501 347 1687 398; x_wconf 89' lang='lat' dir='ltr'>cautem)</span> <span class='ocrx_word' id='word_1_23' title='bbox 1715 347 1848 386; x_wconf 81' lang='lat' dir='ltr'>vasti</span> <span class='ocrx_word' id='word_1_24' title='bbox 1877 348 2072 386; x_wconf 77' lang='lat' dir='ltr'>tunderet</span> <span class='ocrx_word' id='word_1_25' title='bbox 2098 348 2222 387; x_wconf 76' lang='lat' dir='ltr'>unda</span> <span class='ocrx_word' id='word_1_26' title='bbox 2248 351 2382 388; x_wconf 78' lang='lat' dir='ltr'>maris</span> 
     </span>
     <span class='ocr_line' id='line_1_10' title="bbox 915 412 2311 463; baseline 0.001 -1"><span class='ocrx_word' id='word_1_27' title='bbox 915 414 948 452; x_wconf 88' lang='lat' dir='ltr'><strong>V</strong></span> <span class='ocrx_word' id='word_1_28' title='bbox 1084 444 1107 462; x_wconf 74' lang='lat'>22</span> <span class='ocrx_word' id='word_1_29' title='bbox 1288 444 1311 462; x_wconf 71' lang='lat'>&#39;2</span> <span class='ocrx_word' id='word_1_30' title='bbox 1716 412 1872 452; x_wconf 69' lang='lat' dir='ltr'><strong><em>vitrei</em></strong></span> <span class='ocrx_word' id='word_1_31' title='bbox 1954 443 1978 462; x_wconf 75' lang='grc'>’7</span> <span class='ocrx_word' id='word_1_32' title='bbox 2141 443 2164 461; x_wconf 70' lang='lat'>2²</span> <span class='ocrx_word' id='word_1_33' title='bbox 2287 443 2311 463; x_wconf 75' lang='lat'>95</span> 
     </span>
     <span class='ocr_line' id='line_1_11' title="bbox 334 478 2683 531; baseline 0 -11"><span class='ocrx_word' id='word_1_34' title='bbox 334 483 370 521; x_wconf 90' lang='lat' dir='ltr'><strong>A</strong></span> <span class='ocrx_word' id='word_1_35' title='bbox 398 481 652 519; x_wconf 83' lang='lat' dir='ltr'>adiectivum</span> <span class='ocrx_word' id='word_1_36' title='bbox 680 490 854 529; x_wconf 90' lang='lat' dir='ltr'>prorsus</span> <span class='ocrx_word' id='word_1_37' title='bbox 882 479 1049 518; x_wconf 88' lang='lat' dir='ltr'>omittit.</span> <span class='ocrx_word' id='word_1_38' title='bbox 1119 478 1257 527; x_wconf 83' lang='lat' dir='ltr'><strong>Atque</strong></span> <span class='ocrx_word' id='word_1_39' title='bbox 1292 482 1435 516; x_wconf 78' lang='lat' dir='ltr'>vastus</span> <span class='ocrx_word' id='word_1_40' title='bbox 1471 489 1555 517; x_wconf 91' lang='lat' dir='ltr'>non</span> <span class='ocrx_word' id='word_1_41' title='bbox 1591 478 1722 521; x_wconf 68' lang='lat' dir='ltr'>modo,</span> <span class='ocrx_word' id='word_1_42' title='bbox 1764 479 1934 518; x_wconf 90' lang='lat' dir='ltr'>omnino</span> <span class='ocrx_word' id='word_1_43' title='bbox 1975 478 2297 518; x_wconf 90' lang='lat' dir='ltr'>usitatissimum</span> <span class='ocrx_word' id='word_1_44' title='bbox 2332 483 2396 519; x_wconf 89' lang='lat' dir='ltr'>est</span> <span class='ocrx_word' id='word_1_45' title='bbox 2429 480 2558 520; x_wconf 87' lang='lat' dir='ltr'>maris</span> <span class='ocrx_word' id='word_1_46' title='bbox 2596 481 2683 531; x_wconf 80' lang='lat' dir='ltr'>epi-</span> 
     </span>
     <span class='ocr_line' id='line_1_12' title="bbox 333 542 2683 597; baseline 0 -11"><span class='ocrx_word' id='word_1_47' title='bbox 333 547 481 586; x_wconf 79' lang='lat' dir='ltr'>theton</span> <span class='ocrx_word' id='word_1_48' title='bbox 509 546 577 597; x_wconf 90' lang='lat' dir='ltr'>(cf.</span> <span class='ocrx_word' id='word_1_49' title='bbox 603 557 637 584; x_wconf 87' lang='lat' dir='ltr'>e.</span> <span class='ocrx_word' id='word_1_50' title='bbox 660 556 696 595; x_wconf 88' lang='lat' dir='ltr'>g.</span> <span class='ocrx_word' id='word_1_51' title='bbox 725 545 755 593; x_wconf 95' lang='lat' dir='ltr'>I,</span> <span class='ocrx_word' id='word_1_52' title='bbox 777 544 887 593; x_wconf 87' lang='lat'>7,19;</span> <span class='ocrx_word' id='word_1_53' title='bbox 916 544 1047 595; x_wconf 81' lang='lat' dir='ltr'>Lygd.</span> <span class='ocrx_word' id='word_1_54' title='bbox 1078 542 1202 594; x_wconf 82' lang='lat'>4,85),</span> <span class='ocrx_word' id='word_1_55' title='bbox 1231 543 1307 582; x_wconf 90' lang='lat' dir='ltr'>sed</span> <span class='ocrx_word' id='word_1_56' title='bbox 1337 543 1462 582; x_wconf 91' lang='lat' dir='ltr'>etiam</span> <span class='ocrx_word' id='word_1_57' title='bbox 1491 542 1572 582; x_wconf 91' lang='lat' dir='ltr'>hoc</span> <span class='ocrx_word' id='word_1_58' title='bbox 1600 544 1691 593; x_wconf 89' lang='lat' dir='ltr'>ipso</span> <span class='ocrx_word' id='word_1_59' title='bbox 1722 544 1828 592; x_wconf 90' lang='lat' dir='ltr'>loco,</span> <span class='ocrx_word' id='word_1_60' title='bbox 1866 544 1936 583; x_wconf 92' lang='lat' dir='ltr'>ubi</span> <span class='ocrx_word' id='word_1_61' title='bbox 1972 543 2025 582; x_wconf 88' lang='lat' dir='ltr'>de</span> <span class='ocrx_word' id='word_1_62' title='bbox 2062 543 2226 583; x_wconf 90' lang='lat' dir='ltr'>turbato</span> <span class='ocrx_word' id='word_1_63' title='bbox 2265 543 2417 584; x_wconf 90' lang='lat' dir='ltr'>dicitur</span> <span class='ocrx_word' id='word_1_64' title='bbox 2442 546 2550 585; x_wconf 87' lang='lat' dir='ltr'>mari</span> <span class='ocrx_word' id='word_1_65' title='bbox 2584 546 2683 586; x_wconf 80' lang='lat' dir='ltr'>soli-</span> 
     </span>
     <span class='ocr_line' id='line_1_13' title="bbox 332 608 2684 661; baseline 0.001 -12"><span class='ocrx_word' id='word_1_66' title='bbox 332 611 483 650; x_wconf 88' lang='lat' dir='ltr'>tariam</span> <span class='ocrx_word' id='word_1_67' title='bbox 522 613 691 648; x_wconf 91' lang='lat' dir='ltr'>cautem</span> <span class='ocrx_word' id='word_1_68' title='bbox 725 609 958 658; x_wconf 83' lang='lat' dir='ltr'>expositam</span> <span class='ocrx_word' id='word_1_69' title='bbox 995 609 1394 658; x_wconf 80' lang='lat' dir='ltr'>circumstrepente,</span> <span class='ocrx_word' id='word_1_70' title='bbox 1437 610 1654 659; x_wconf 80' lang='lat' dir='ltr'>aptissime</span> <span class='ocrx_word' id='word_1_71' title='bbox 1696 608 1943 657; x_wconf 89' lang='lat' dir='ltr'>adhibitum,</span> <span class='ocrx_word' id='word_1_72' title='bbox 1985 610 2146 646; x_wconf 69' lang='lat' dir='ltr'>vitreus</span> <span class='ocrx_word' id='word_1_73' title='bbox 2183 620 2207 647; x_wconf 90' lang='lat' dir='ltr'>a</span> <span class='ocrx_word' id='word_1_74' title='bbox 2242 610 2498 660; x_wconf 85' lang='lat' dir='ltr'>Rossbergio</span> <span class='ocrx_word' id='word_1_75' title='bbox 2539 611 2684 661; x_wconf 86' lang='lat' dir='ltr'>inepte</span> 
     </span>
     <span class='ocr_line' id='line_1_14' title="bbox 334 673 2242 725; baseline -0.001 -11"><span class='ocrx_word' id='word_1_76' title='bbox 334 676 569 725; x_wconf 86' lang='lat' dir='ltr'>praelatum</span> <span class='ocrx_word' id='word_1_77' title='bbox 597 673 678 713; x_wconf 91' lang='lat' dir='ltr'>hoc</span> <span class='ocrx_word' id='word_1_78' title='bbox 708 686 732 712; x_wconf 91' lang='lat' dir='ltr'>a</span> <span class='ocrx_word' id='word_1_79' title='bbox 751 675 1059 713; x_wconf 90' lang='lat' dir='ltr'>sententiarum</span> <span class='ocrx_word' id='word_1_80' title='bbox 1087 686 1198 714; x_wconf 81' lang='lat' dir='ltr'>nexu</span> <span class='ocrx_word' id='word_1_81' title='bbox 1227 675 1530 713; x_wconf 89' lang='lat' dir='ltr'>alienissimum</span> <span class='ocrx_word' id='word_1_82' title='bbox 1559 685 1654 713; x_wconf 89' lang='lat' dir='ltr'>esse</span> <span class='ocrx_word' id='word_1_83' title='bbox 1683 685 1767 712; x_wconf 92' lang='lat' dir='ltr'>non</span> <span class='ocrx_word' id='word_1_84' title='bbox 1799 677 1864 712; x_wconf 89' lang='lat' dir='ltr'>est</span> <span class='ocrx_word' id='word_1_85' title='bbox 1893 674 2005 723; x_wconf 90' lang='lat' dir='ltr'>quod</span> <span class='ocrx_word' id='word_1_86' title='bbox 2033 685 2242 714; x_wconf 90' lang='lat' dir='ltr'>moneam.</span> 
     </span>
    </p>

    <p class='ocr_par' dir='ltr' id='par_1_8' title="bbox 332 738 2722 1900">
     <span class='ocr_line' id='line_1_15' title="bbox 475 738 2685 790; baseline 0.001 -11"><span class='ocrx_word' id='word_1_87' title='bbox 475 740 635 780; x_wconf 91' lang='lat' dir='ltr'>Deinde</span> <span class='ocrx_word' id='word_1_88' title='bbox 665 740 779 790; x_wconf 88' lang='lat' dir='ltr'>quod</span> <span class='ocrx_word' id='word_1_89' title='bbox 807 751 954 790; x_wconf 83' lang='lat' dir='ltr'>paneg.</span> <span class='ocrx_word' id='word_1_90' title='bbox 984 739 1039 778; x_wconf 74' lang='lat'>40</span> <span class='ocrx_word' id='word_1_91' title='bbox 1067 744 1110 779; x_wconf 91' lang='lat' dir='ltr'>et</span> <span class='ocrx_word' id='word_1_92' title='bbox 1137 740 1283 789; x_wconf 86' lang='lat' dir='ltr'>fragm.</span> <span class='ocrx_word' id='word_1_93' title='bbox 1314 739 1586 778; x_wconf 89' lang='lat' dir='ltr'>Cuiacianum</span> <span class='ocrx_word' id='word_1_94' title='bbox 1620 743 1662 778; x_wconf 92' lang='lat' dir='ltr'>et</span> <span class='ocrx_word' id='word_1_95' title='bbox 1691 739 1782 778; x_wconf 91' lang='lat' dir='ltr'>cod.</span> <span class='ocrx_word' id='word_1_96' title='bbox 1817 738 1852 777; x_wconf 93' lang='lat' dir='ltr'><strong>G</strong></span> <span class='ocrx_word' id='word_1_97' title='bbox 1876 739 2049 779; x_wconf 91' lang='lat' dir='ltr'>tradunt</span> <span class='ocrx_word' id='word_1_98' title='bbox 2078 740 2146 777; x_wconf 75' lang='lat' dir='ltr'>hic</span> <span class='ocrx_word' id='word_1_99' title='bbox 2175 745 2252 778; x_wconf 78' lang='lat' dir='ltr'>aut</span> <span class='ocrx_word' id='word_1_100' title='bbox 2280 740 2364 778; x_wconf 82' lang='lat' dir='ltr'>hic</span> <span class='ocrx_word' id='word_1_101' title='bbox 2392 739 2484 788; x_wconf 78' lang='lat' dir='ltr'>tibi,</span> <span class='ocrx_word' id='word_1_102' title='bbox 2516 741 2588 780; x_wconf 89' lang='lat' dir='ltr'>AV</span> <span class='ocrx_word' id='word_1_103' title='bbox 2616 742 2685 781; x_wconf 80' lang='lat' dir='ltr'>hic</span> 
     </span>
     <span class='ocr_line' id='line_1_16' title="bbox 335 803 2685 856; baseline 0.001 -12"><span class='ocrx_word' id='word_1_104' title='bbox 335 810 409 844; x_wconf 84' lang='lat' dir='ltr'>aut</span> <span class='ocrx_word' id='word_1_105' title='bbox 439 806 515 843; x_wconf 77' lang='lat' dir='ltr'>tibi</span> <span class='ocrx_word' id='word_1_106' title='bbox 544 806 718 844; x_wconf 90' lang='lat' dir='ltr'>minime</span> <span class='ocrx_word' id='word_1_107' title='bbox 748 816 846 844; x_wconf 90' lang='lat' dir='ltr'>cum</span> <span class='ocrx_word' id='word_1_108' title='bbox 866 805 1119 855; x_wconf 87' lang='lat' dir='ltr'>Rossbergio</span> <span class='ocrx_word' id='word_1_109' title='bbox 1149 809 1386 844; x_wconf 84' lang='lat' dir='ltr'>statuemus</span> <span class='ocrx_word' id='word_1_110' title='bbox 1416 804 1507 844; x_wconf 88' lang='lat' dir='ltr'>cod.</span> <span class='ocrx_word' id='word_1_111' title='bbox 1529 803 1563 842; x_wconf 89' lang='lat' dir='ltr'><strong>G</strong></span> <span class='ocrx_word' id='word_1_112' title='bbox 1585 804 1813 843; x_wconf 90' lang='lat' dir='ltr'>lectionem</span> <span class='ocrx_word' id='word_1_113' title='bbox 1832 815 1908 854; x_wconf 83' lang='lat' dir='ltr'>per</span> <span class='ocrx_word' id='word_1_114' title='bbox 1926 805 2272 854; x_wconf 81' lang='lat' dir='ltr'>interpolatorem</span> <span class='ocrx_word' id='word_1_115' title='bbox 2300 809 2417 845; x_wconf 91' lang='lat' dir='ltr'>recte</span> <span class='ocrx_word' id='word_1_116' title='bbox 2445 806 2685 856; x_wconf 78' lang='lat' dir='ltr'>suppletam</span> 
     </span>
     <span class='ocr_line' id='line_1_17' title="bbox 335 869 2687 922; baseline 0.001 -12"><span class='ocrx_word' id='word_1_117' title='bbox 335 883 442 920; x_wconf 88' lang='lat' dir='ltr'>esse,</span> <span class='ocrx_word' id='word_1_118' title='bbox 473 871 548 910; x_wconf 92' lang='lat' dir='ltr'>sed</span> <span class='ocrx_word' id='word_1_119' title='bbox 577 871 699 911; x_wconf 91' lang='lat' dir='ltr'>nobis</span> <span class='ocrx_word' id='word_1_120' title='bbox 727 872 796 910; x_wconf 91' lang='lat' dir='ltr'>ille</span> <span class='ocrx_word' id='word_1_121' title='bbox 833 882 1065 910; x_wconf 90' lang='lat' dir='ltr'>consensus</span> <span class='ocrx_word' id='word_1_122' title='bbox 1099 870 1168 909; x_wconf 88' lang='lat' dir='ltr'>vel</span> <span class='ocrx_word' id='word_1_123' title='bbox 1197 870 1444 919; x_wconf 84' lang='lat' dir='ltr'>gravissimo</span> <span class='ocrx_word' id='word_1_124' title='bbox 1483 871 1561 908; x_wconf 90' lang='lat' dir='ltr'>erit</span> <span class='ocrx_word' id='word_1_125' title='bbox 1600 869 1856 909; x_wconf 87' lang='lat' dir='ltr'>documento</span> <span class='ocrx_word' id='word_1_126' title='bbox 1895 870 1989 910; x_wconf 87' lang='lat' dir='ltr'>cod.</span> <span class='ocrx_word' id='word_1_127' title='bbox 2031 870 2067 909; x_wconf 89' lang='lat' dir='ltr'>G</span> <span class='ocrx_word' id='word_1_128' title='bbox 2096 869 2315 922; x_wconf 81' lang='lat' dir='ltr'>archetypi</span> <span class='ocrx_word' id='word_1_129' title='bbox 2352 872 2483 921; x_wconf 87' lang='lat' dir='ltr'>ipsius</span> <span class='ocrx_word' id='word_1_130' title='bbox 2523 875 2687 912; x_wconf 87' lang='lat' dir='ltr'>rectam</span> 
     </span>
     <span class='ocr_line' id='line_1_18' title="bbox 333 935 2687 987; baseline 0.001 -12"><span class='ocrx_word' id='word_1_131' title='bbox 333 947 505 976; x_wconf 88' lang='lat' dir='ltr'>servare</span> <span class='ocrx_word' id='word_1_132' title='bbox 534 936 798 986; x_wconf 81' lang='lat' dir='ltr'>scripturam.</span> <span class='ocrx_word' id='word_1_133' title='bbox 847 936 964 975; x_wconf 91' lang='lat' dir='ltr'>Idem</span> <span class='ocrx_word' id='word_1_134' title='bbox 992 935 1264 975; x_wconf 90' lang='lat' dir='ltr'>iudicandum</span> <span class='ocrx_word' id='word_1_135' title='bbox 1293 938 1358 973; x_wconf 89' lang='lat' dir='ltr'>est</span> <span class='ocrx_word' id='word_1_136' title='bbox 1386 935 1438 973; x_wconf 91' lang='lat' dir='ltr'>de</span> <span class='ocrx_word' id='word_1_137' title='bbox 1468 935 1620 974; x_wconf 91' lang='lat' dir='ltr'>ceteris</span> <span class='ocrx_word' id='word_1_138' title='bbox 1649 935 1769 983; x_wconf 89' lang='lat' dir='ltr'>locis;</span> <span class='ocrx_word' id='word_1_139' title='bbox 1800 946 1900 974; x_wconf 88' lang='lat' dir='ltr'>nam</span> <span class='ocrx_word' id='word_1_140' title='bbox 1928 936 2056 974; x_wconf 91' lang='lat' dir='ltr'>etiam</span> <span class='ocrx_word' id='word_1_141' title='bbox 2084 936 2138 976; x_wconf 89' lang='lat' dir='ltr'>de</span> <span class='ocrx_word' id='word_1_142' title='bbox 2166 936 2280 987; x_wconf 90' lang='lat' dir='ltr'>Sulp.</span> <span class='ocrx_word' id='word_1_143' title='bbox 2315 941 2356 976; x_wconf 91' lang='lat' dir='ltr'>et</span> <span class='ocrx_word' id='word_1_144' title='bbox 2384 935 2570 978; x_wconf 88' lang='lat' dir='ltr'>Cerinth.</span> <span class='ocrx_word' id='word_1_145' title='bbox 2605 948 2687 979; x_wconf 81' lang='lat' dir='ltr'>am.</span> 
     </span>
     <span class='ocr_line' id='line_1_19' title="bbox 332 999 2688 1053; baseline 0.001 -13"><span class='ocrx_word' id='word_1_146' title='bbox 332 1001 426 1050; x_wconf 81' lang='lat'>4,16</span> <span class='ocrx_word' id='word_1_147' title='bbox 453 1002 511 1040; x_wconf 92' lang='lat' dir='ltr'>nil</span> <span class='ocrx_word' id='word_1_148' title='bbox 540 1005 617 1050; x_wconf 93' lang='lat' dir='ltr'>est,</span> <span class='ocrx_word' id='word_1_149' title='bbox 647 1012 722 1041; x_wconf 89' lang='lat' dir='ltr'>cur</span> <span class='ocrx_word' id='word_1_150' title='bbox 750 1002 842 1041; x_wconf 92' lang='lat' dir='ltr'>cod.</span> <span class='ocrx_word' id='word_1_151' title='bbox 873 1001 906 1040; x_wconf 92' lang='lat' dir='ltr'>G</span> <span class='ocrx_word' id='word_1_152' title='bbox 937 1002 1163 1040; x_wconf 89' lang='lat' dir='ltr'>lectionem</span> <span class='ocrx_word' id='word_1_153' title='bbox 1191 999 1572 1050; x_wconf 88' lang='lat' dir='ltr'>probabilissimam</span> <span class='ocrx_word' id='word_1_154' title='bbox 1601 1012 1676 1037; x_wconf 81' lang='lat' dir='ltr'>nos</span> <span class='ocrx_word' id='word_1_155' title='bbox 1707 1000 1933 1039; x_wconf 88' lang='lat' dir='ltr'>reiciamus</span> <span class='ocrx_word' id='word_1_156' title='bbox 1963 1004 2004 1039; x_wconf 91' lang='lat' dir='ltr'>et</span> <span class='ocrx_word' id='word_1_157' title='bbox 2032 1011 2131 1040; x_wconf 92' lang='lat' dir='ltr'>cum</span> <span class='ocrx_word' id='word_1_158' title='bbox 2167 1002 2422 1053; x_wconf 85' lang='lat' dir='ltr'>Rossbergio</span> <span class='ocrx_word' id='word_1_159' title='bbox 2450 1002 2688 1043; x_wconf 85' lang='lat' dir='ltr'>scribamus</span> 
     </span>
     <span class='ocr_line' id='line_1_20' title="bbox 334 1064 2688 1117; baseline 0.001 -13"><span class='ocrx_word' id='word_1_160' title='bbox 334 1068 456 1106; x_wconf 78' lang='lat' dir='ltr'>hanc.</span> <span class='ocrx_word' id='word_1_161' title='bbox 503 1068 759 1108; x_wconf 68' lang='lat' dir='ltr'>‘Communis</span> <span class='ocrx_word' id='word_1_162' title='bbox 787 1072 930 1107; x_wconf 88' lang='lat' dir='ltr'>autem</span> <span class='ocrx_word' id='word_1_163' title='bbox 958 1065 1176 1116; x_wconf 84' lang='lat' dir='ltr'>archetypi</span> <span class='ocrx_word' id='word_1_164' title='bbox 1205 1066 1410 1105; x_wconf 89' lang='lat' dir='ltr'>lectiones</span> <span class='ocrx_word' id='word_1_165' title='bbox 1439 1065 1531 1104; x_wconf 92' lang='lat' dir='ltr'>cod.</span> <span class='ocrx_word' id='word_1_166' title='bbox 1562 1065 1597 1104; x_wconf 91' lang='lat' dir='ltr'><strong>G</strong></span> <span class='ocrx_word' id='word_1_167' title='bbox 1625 1064 1691 1104; x_wconf 92' lang='lat' dir='ltr'>his</span> <span class='ocrx_word' id='word_1_168' title='bbox 1721 1066 1824 1104; x_wconf 92' lang='lat' dir='ltr'>locis</span> <span class='ocrx_word' id='word_1_169' title='bbox 1854 1065 2057 1115; x_wconf 90' lang='lat' dir='ltr'>praebere</span> <span class='ocrx_word' id='word_1_170' title='bbox 2093 1067 2195 1112; x_wconf 84' lang='lat' dir='ltr'>satis</span> <span class='ocrx_word' id='word_1_171' title='bbox 2226 1078 2381 1117; x_wconf 87' lang='lat' dir='ltr'>magna</span> <span class='ocrx_word' id='word_1_172' title='bbox 2416 1078 2516 1110; x_wconf 89' lang='lat' dir='ltr'>cum</span> <span class='ocrx_word' id='word_1_173' title='bbox 2543 1067 2688 1107; x_wconf 87' lang='lat' dir='ltr'>verisi-</span> 
     </span>
     <span class='ocr_line' id='line_1_21' title="bbox 333 1130 2687 1183; baseline -0 -10"><span class='ocrx_word' id='word_1_174' title='bbox 333 1133 568 1173; x_wconf 89' lang='lat' dir='ltr'>militudine</span> <span class='ocrx_word' id='word_1_175' title='bbox 598 1145 649 1172; x_wconf 85' lang='lat' dir='ltr'>ex</span> <span class='ocrx_word' id='word_1_176' title='bbox 677 1145 727 1173; x_wconf 90' lang='lat' dir='ltr'>eo</span> <span class='ocrx_word' id='word_1_177' title='bbox 769 1137 910 1183; x_wconf 87' lang='lat' dir='ltr'>potest</span> <span class='ocrx_word' id='word_1_178' title='bbox 953 1132 1253 1179; x_wconf 89' lang='lat' dir='ltr'>demonstrari,</span> <span class='ocrx_word' id='word_1_179' title='bbox 1291 1130 1404 1180; x_wconf 85' lang='lat' dir='ltr'>quod</span> <span class='ocrx_word' id='word_1_180' title='bbox 1440 1131 1691 1170; x_wconf 91' lang='lat' dir='ltr'>omissiones</span> <span class='ocrx_word' id='word_1_181' title='bbox 1721 1130 1842 1169; x_wconf 91' lang='lat' dir='ltr'>codd.</span> <span class='ocrx_word' id='word_1_182' title='bbox 1872 1130 1954 1179; x_wconf 91' lang='lat' dir='ltr'>AV,</span> <span class='ocrx_word' id='word_1_183' title='bbox 1984 1130 2196 1180; x_wconf 88' lang='lat' dir='ltr'>quomodo</span> <span class='ocrx_word' id='word_1_184' title='bbox 2230 1131 2397 1172; x_wconf 76' lang='lat' dir='ltr'>ex=:illis</span> <span class='ocrx_word' id='word_1_185' title='bbox 2433 1135 2553 1171; x_wconf 89' lang='lat' dir='ltr'>ortae</span> <span class='ocrx_word' id='word_1_186' title='bbox 2589 1132 2687 1180; x_wconf 83' lang='lat' dir='ltr'>sint,</span> 
     </span>
     <span class='ocr_line' id='line_1_22' title="bbox 333 1195 2688 1248; baseline 0 -13"><span class='ocrx_word' id='word_1_187' title='bbox 333 1197 454 1236; x_wconf 87' lang='lat' dir='ltr'>facile</span> <span class='ocrx_word' id='word_1_188' title='bbox 483 1209 710 1248; x_wconf 88' lang='lat' dir='ltr'>possumus</span> <span class='ocrx_word' id='word_1_189' title='bbox 740 1208 1010 1248; x_wconf 84' lang='lat' dir='ltr'>cognoscere.</span> <span class='ocrx_word' id='word_1_190' title='bbox 1068 1197 1137 1236; x_wconf 88' lang='lat' dir='ltr'>Sic</span> <span class='ocrx_word' id='word_1_191' title='bbox 1165 1207 1313 1247; x_wconf 82' lang='lat' dir='ltr'>paneg.</span> <span class='ocrx_word' id='word_1_192' title='bbox 1341 1197 1395 1236; x_wconf 84' lang='grc'>40</span> <span class='ocrx_word' id='word_1_193' title='bbox 1424 1195 1492 1234; x_wconf 80' lang='lat' dir='ltr'>hic</span> <span class='ocrx_word' id='word_1_194' title='bbox 1511 1199 1585 1233; x_wconf 82' lang='lat' dir='ltr'>aut</span> <span class='ocrx_word' id='word_1_195' title='bbox 1613 1195 1686 1232; x_wconf 82' lang='lat' dir='ltr'>tibi</span> <span class='ocrx_word' id='word_1_196' title='bbox 1715 1206 1790 1245; x_wconf 89' lang='lat' dir='ltr'>per</span> <span class='ocrx_word' id='word_1_197' title='bbox 1808 1196 2043 1234; x_wconf 89' lang='lat' dir='ltr'>solemnem</span> <span class='ocrx_word' id='word_1_198' title='bbox 2065 1195 2330 1235; x_wconf 87' lang='lat' dir='ltr'>librariorum</span> <span class='ocrx_word' id='word_1_199' title='bbox 2354 1207 2557 1246; x_wconf 88' lang='lat' dir='ltr'>errorem,</span> <span class='ocrx_word' id='word_1_200' title='bbox 2577 1207 2688 1247; x_wconf 86' lang='lat' dir='ltr'>quae</span> 
     </span>
     <span class='ocr_line' id='line_1_23' title="bbox 334 1260 2689 1313; baseline -0.001 -11"><span class='ocrx_word' id='word_1_201' title='bbox 334 1262 632 1313; x_wconf 89' lang='lat' dir='ltr'>haplographia</span> <span class='ocrx_word' id='word_1_202' title='bbox 662 1263 826 1312; x_wconf 91' lang='lat' dir='ltr'>dicitur,</span> <span class='ocrx_word' id='word_1_203' title='bbox 855 1263 1093 1313; x_wconf 82' lang='lat' dir='ltr'>profectum</span> <span class='ocrx_word' id='word_1_204' title='bbox 1123 1266 1188 1302; x_wconf 89' lang='lat' dir='ltr'>est</span> <span class='ocrx_word' id='word_1_205' title='bbox 1224 1273 1276 1301; x_wconf 86' lang='lat' dir='ltr'>ex</span> <span class='ocrx_word' id='word_1_206' title='bbox 1306 1262 1390 1299; x_wconf 78' lang='lat' dir='ltr'>hic</span> <span class='ocrx_word' id='word_1_207' title='bbox 1425 1265 1500 1299; x_wconf 76' lang='lat' dir='ltr'>aut</span> <span class='ocrx_word' id='word_1_208' title='bbox 1529 1261 1609 1298; x_wconf 79' lang='lat' dir='ltr'>hic</span> <span class='ocrx_word' id='word_1_209' title='bbox 1643 1261 1733 1300; x_wconf 80' lang='lat' dir='ltr'>tibi.</span> <span class='ocrx_word' id='word_1_210' title='bbox 1800 1260 1960 1300; x_wconf 83' lang='lat' dir='ltr'>Deinde</span> <span class='ocrx_word' id='word_1_211' title='bbox 1995 1271 2144 1310; x_wconf 86' lang='lat' dir='ltr'>paneg.</span> <span class='ocrx_word' id='word_1_212' title='bbox 2181 1261 2273 1310; x_wconf 81' lang='lat'>200,</span> <span class='ocrx_word' id='word_1_213' title='bbox 2311 1261 2384 1300; x_wconf 90' lang='lat' dir='ltr'>ubi</span> <span class='ocrx_word' id='word_1_214' title='bbox 2418 1261 2463 1300; x_wconf 91' lang='lat' dir='ltr'>in</span> <span class='ocrx_word' id='word_1_215' title='bbox 2497 1260 2569 1300; x_wconf 88' lang='lat' dir='ltr'>AV</span> <span class='ocrx_word' id='word_1_216' title='bbox 2611 1272 2689 1300; x_wconf 81' lang='lat' dir='ltr'>nec</span> 
     </span>
     <span class='ocr_line' id='line_1_24' title="bbox 335 1325 2686 1378; baseline -0.001 -10"><span class='ocrx_word' id='word_1_217' title='bbox 335 1330 554 1378; x_wconf 88' lang='lat' dir='ltr'>omittitur,</span> <span class='ocrx_word' id='word_1_218' title='bbox 584 1329 705 1368; x_wconf 86' lang='lat' dir='ltr'>facile</span> <span class='ocrx_word' id='word_1_219' title='bbox 734 1328 846 1368; x_wconf 93' lang='lat' dir='ltr'>oculi</span> <span class='ocrx_word' id='word_1_220' title='bbox 874 1328 1071 1368; x_wconf 88' lang='lat' dir='ltr'>aberrare</span> <span class='ocrx_word' id='word_1_221' title='bbox 1100 1331 1331 1378; x_wconf 88' lang='lat' dir='ltr'>potuerunt</span> <span class='ocrx_word' id='word_1_222' title='bbox 1359 1339 1384 1366; x_wconf 87' lang='lat' dir='ltr'>a</span> <span class='ocrx_word' id='word_1_223' title='bbox 1412 1325 1522 1377; x_wconf 78' lang='lat' dir='ltr'>n(ec)</span> <span class='ocrx_word' id='word_1_224' title='bbox 1553 1326 1606 1364; x_wconf 88' lang='lat' dir='ltr'>ad</span> <span class='ocrx_word' id='word_1_225' title='bbox 1634 1327 1751 1365; x_wconf 89' lang='lat' dir='ltr'>vocis</span> <span class='ocrx_word' id='word_1_226' title='bbox 1780 1326 2042 1375; x_wconf 88' lang='lat' dir='ltr'>insequentis</span> <span class='ocrx_word' id='word_1_227' title='bbox 2071 1327 2254 1376; x_wconf 89' lang='lat' dir='ltr'>primam</span> <span class='ocrx_word' id='word_1_228' title='bbox 2282 1326 2466 1366; x_wconf 82' lang='lat' dir='ltr'>litteram</span> <span class='ocrx_word' id='word_1_229' title='bbox 2501 1327 2686 1367; x_wconf 88' lang='lat' dir='ltr'>similem</span> 
     </span>
     <span class='ocr_line' id='line_1_25' title="bbox 335 1390 2686 1446; baseline 0 -15"><span class='ocrx_word' id='word_1_230' title='bbox 335 1393 561 1446; x_wconf 68' lang='grc' dir='ltr'>Ιννι(οιῖῑενη).</span> <span class='ocrx_word' id='word_1_231' title='bbox 617 1393 790 1442; x_wconf 87' lang='lat' dir='ltr'>Deinde,</span> <span class='ocrx_word' id='word_1_232' title='bbox 820 1394 1032 1442; x_wconf 88' lang='lat' dir='ltr'>quomodo</span> <span class='ocrx_word' id='word_1_233' title='bbox 1061 1394 1090 1442; x_wconf 95' lang='grc' dir='ltr'>Ι,</span> <span class='ocrx_word' id='word_1_234' title='bbox 1119 1393 1211 1441; x_wconf 85' lang='grc'>9,69</span> <span class='ocrx_word' id='word_1_235' title='bbox 1241 1393 1324 1429; x_wconf 68' lang='lat' dir='ltr'>ista</span> <span class='ocrx_word' id='word_1_236' title='bbox 1353 1390 1458 1442; x_wconf 85' lang='lat' dir='ltr'><strong>(AV)</strong></span> <span class='ocrx_word' id='word_1_237' title='bbox 1489 1395 1629 1430; x_wconf 88' lang='lat' dir='ltr'>ortum</span> <span class='ocrx_word' id='word_1_238' title='bbox 1663 1391 1718 1430; x_wconf 90' lang='lat' dir='ltr'>sit</span> <span class='ocrx_word' id='word_1_239' title='bbox 1753 1403 1805 1430; x_wconf 82' lang='lat' dir='ltr'>ex</span> <span class='ocrx_word' id='word_1_240' title='bbox 1839 1392 1923 1429; x_wconf 79' lang='lat' dir='ltr'>ista</span> <span class='ocrx_word' id='word_1_241' title='bbox 1959 1391 2061 1429; x_wconf 84' lang='lat' dir='ltr'>haec</span> <span class='ocrx_word' id='word_1_242' title='bbox 2098 1390 2183 1442; x_wconf 89' lang='lat' dir='ltr'><strong>(G),</strong></span> <span class='ocrx_word' id='word_1_243' title='bbox 2213 1390 2393 1442; x_wconf 90' lang='lat' dir='ltr'>simplici</span> <span class='ocrx_word' id='word_1_244' title='bbox 2420 1392 2586 1431; x_wconf 88' lang='lat' dir='ltr'>ratione</span> <span class='ocrx_word' id='word_1_245' title='bbox 2614 1402 2686 1431; x_wconf 86' lang='lat' dir='ltr'>ex-</span> 
     </span>
     <span class='ocr_line' id='line_1_26' title="bbox 335 1455 2722 1510; baseline -0.001 -12"><span class='ocrx_word' id='word_1_246' title='bbox 335 1460 525 1510; x_wconf 87' lang='lat' dir='ltr'>plicatur,</span> <span class='ocrx_word' id='word_1_247' title='bbox 554 1459 590 1498; x_wconf 90' lang='lat' dir='ltr'>si</span> <span class='ocrx_word' id='word_1_248' title='bbox 619 1470 717 1498; x_wconf 91' lang='lat' dir='ltr'>cum</span> <span class='ocrx_word' id='word_1_249' title='bbox 746 1458 1063 1509; x_wconf 85' lang='lat' dir='ltr'>Lachmann01)</span> <span class='ocrx_word' id='word_1_250' title='bbox 1092 1458 1328 1505; x_wconf 85' lang='lat' dir='ltr'>statuimus,</span> <span class='ocrx_word' id='word_1_251' title='bbox 1360 1457 1460 1496; x_wconf 91' lang='lat' dir='ltr'>olim</span> <span class='ocrx_word' id='word_1_252' title='bbox 1497 1455 1580 1495; x_wconf 91' lang='lat' dir='ltr'>hoc</span> <span class='ocrx_word' id='word_1_253' title='bbox 1614 1458 1707 1496; x_wconf 92' lang='lat' dir='ltr'>loco</span> <span class='ocrx_word' id='word_1_254' title='bbox 1744 1457 1951 1506; x_wconf 87' lang='lat' dir='ltr'>scriptum</span> <span class='ocrx_word' id='word_1_255' title='bbox 1986 1455 2132 1508; x_wconf 64' lang='lat' dir='ltr'>fuisse,</span> <span class='ocrx_word' id='word_1_256' title='bbox 2153 1455 2292 1495; x_wconf 83' lang='lat' dir='ltr'>istaec.</span> <span class='ocrx_word' id='word_1_257' title='bbox 2350 1457 2530 1497; x_wconf 88' lang='lat' dir='ltr'>Restant</span> <span class='ocrx_word' id='word_1_258' title='bbox 2557 1457 2688 1508; x_wconf 82' lang='lat' dir='ltr'>igitur</span> <span class='ocrx_word' id='word_1_259' title='bbox 2719 1465 2722 1468; x_wconf 72' lang='grc'>’</span> 
     </span>
     <span class='ocr_line' id='line_1_27' title="bbox 336 1521 2687 1575; baseline -0.001 -11"><span class='ocrx_word' id='word_1_260' title='bbox 336 1525 419 1564; x_wconf 91' lang='lat' dir='ltr'>duo</span> <span class='ocrx_word' id='word_1_261' title='bbox 448 1525 541 1574; x_wconf 92' lang='lat' dir='ltr'>loci,</span> <span class='ocrx_word' id='word_1_262' title='bbox 572 1525 660 1564; x_wconf 91' lang='lat' dir='ltr'>scil.</span> <span class='ocrx_word' id='word_1_263' title='bbox 687 1524 737 1573; x_wconf 96' lang='grc' dir='ltr'>ΙΙ,</span> <span class='ocrx_word' id='word_1_264' title='bbox 767 1524 860 1573; x_wconf 87' lang='grc' dir='ltr'>6,4Ο</span> <span class='ocrx_word' id='word_1_265' title='bbox 890 1524 1034 1575; x_wconf 82' lang='lat' dir='ltr'>(vasti)</span> <span class='ocrx_word' id='word_1_266' title='bbox 1065 1529 1107 1563; x_wconf 90' lang='lat' dir='ltr'>et</span> <span class='ocrx_word' id='word_1_267' title='bbox 1137 1524 1189 1563; x_wconf 93' lang='lat' dir='ltr'>de</span> <span class='ocrx_word' id='word_1_268' title='bbox 1218 1524 1332 1573; x_wconf 82' lang='lat' dir='ltr'>Sulp.</span> <span class='ocrx_word' id='word_1_269' title='bbox 1362 1527 1406 1562; x_wconf 90' lang='lat' dir='ltr'>et</span> <span class='ocrx_word' id='word_1_270' title='bbox 1435 1523 1526 1562; x_wconf 90' lang='lat' dir='ltr'>Cer.</span> <span class='ocrx_word' id='word_1_271' title='bbox 1557 1534 1639 1561; x_wconf 91' lang='lat' dir='ltr'>am.</span> <span class='ocrx_word' id='word_1_272' title='bbox 1668 1521 1762 1571; x_wconf 83' lang='lat'><strong>4‚16</strong></span> <span class='ocrx_word' id='word_1_273' title='bbox 1791 1521 1916 1571; x_wconf 78' lang='lat' dir='ltr'>(nos),</span> <span class='ocrx_word' id='word_1_274' title='bbox 1937 1521 2090 1571; x_wconf 86' lang='lat' dir='ltr'>quibus</span> <span class='ocrx_word' id='word_1_275' title='bbox 2111 1521 2430 1562; x_wconf 88' lang='lat' dir='ltr'>ommissionem</span> <span class='ocrx_word' id='word_1_276' title='bbox 2448 1533 2525 1573; x_wconf 89' lang='lat' dir='ltr'>per</span> <span class='ocrx_word' id='word_1_277' title='bbox 2543 1522 2687 1573; x_wconf 82' lang='lat' dir='ltr'>negle-</span> 
     </span>
     <span class='ocr_line' id='line_1_28' title="bbox 336 1587 2686 1641; baseline -0.002 -11"><span class='ocrx_word' id='word_1_278' title='bbox 336 1591 520 1641; x_wconf 86' lang='lat' dir='ltr'>gentiam</span> <span class='ocrx_word' id='word_1_279' title='bbox 550 1592 704 1629; x_wconf 84' lang='lat' dir='ltr'>factam</span> <span class='ocrx_word' id='word_1_280' title='bbox 733 1601 828 1629; x_wconf 91' lang='lat' dir='ltr'>esse</span> <span class='ocrx_word' id='word_1_281' title='bbox 857 1591 984 1629; x_wconf 84' lang='lat' dir='ltr'>statui</span> <span class='ocrx_word' id='word_1_282' title='bbox 1013 1590 1170 1639; x_wconf 87' lang='lat' dir='ltr'>nequit.</span> <span class='ocrx_word' id='word_1_283' title='bbox 1230 1590 1307 1628; x_wconf 94' lang='lat' dir='ltr'>Hic</span> <span class='ocrx_word' id='word_1_284' title='bbox 1336 1593 1478 1628; x_wconf 92' lang='lat' dir='ltr'>autem</span> <span class='ocrx_word' id='word_1_285' title='bbox 1506 1589 1597 1638; x_wconf 90' lang='lat' dir='ltr'>ipsa</span> <span class='ocrx_word' id='word_1_286' title='bbox 1624 1587 1862 1626; x_wconf 85' lang='lat' dir='ltr'>traditionis</span> <span class='ocrx_word' id='word_1_287' title='bbox 1890 1591 2040 1626; x_wconf 89' lang='lat' dir='ltr'>natura</span> <span class='ocrx_word' id='word_1_288' title='bbox 2057 1598 2206 1626; x_wconf 87' lang='lat' dir='ltr'>ansam</span> <span class='ocrx_word' id='word_1_289' title='bbox 2236 1587 2308 1627; x_wconf 88' lang='lat' dir='ltr'>dat</span> <span class='ocrx_word' id='word_1_290' title='bbox 2334 1589 2397 1629; x_wconf 91' lang='lat' dir='ltr'>rei</span> <span class='ocrx_word' id='word_1_291' title='bbox 2424 1587 2686 1628; x_wconf 87' lang='lat' dir='ltr'>enodandae·</span> 
     </span>
     <span class='ocr_line' id='line_1_29' title="bbox 334 1653 2686 1705; baseline -0.002 -8"><span class='ocrx_word' id='word_1_292' title='bbox 334 1658 440 1697; x_wconf 91' lang='lat' dir='ltr'>Cum</span> <span class='ocrx_word' id='word_1_293' title='bbox 469 1657 582 1696; x_wconf 90' lang='lat' dir='ltr'>enim</span> <span class='ocrx_word' id='word_1_294' title='bbox 610 1655 675 1695; x_wconf 92' lang='lat' dir='ltr'>his</span> <span class='ocrx_word' id='word_1_295' title='bbox 706 1656 808 1694; x_wconf 91' lang='lat' dir='ltr'>locis</span> <span class='ocrx_word' id='word_1_296' title='bbox 835 1657 879 1695; x_wconf 92' lang='lat' dir='ltr'>in</span> <span class='ocrx_word' id='word_1_297' title='bbox 910 1656 1030 1694; x_wconf 91' lang='lat' dir='ltr'>codd.</span> <span class='ocrx_word' id='word_1_298' title='bbox 1060 1656 1130 1695; x_wconf 87' lang='lat' dir='ltr'>AV</span> <span class='ocrx_word' id='word_1_299' title='bbox 1158 1656 1342 1705; x_wconf 90' lang='lat' dir='ltr'>spatium</span> <span class='ocrx_word' id='word_1_300' title='bbox 1370 1665 1553 1693; x_wconf 80' lang='lat' dir='ltr'>vacuum</span> <span class='ocrx_word' id='word_1_301' title='bbox 1582 1657 1709 1701; x_wconf 87' lang='lat' dir='ltr'>extet,</span> <span class='ocrx_word' id='word_1_302' title='bbox 1739 1664 1822 1692; x_wconf 89' lang='lat' dir='ltr'>non</span> <span class='ocrx_word' id='word_1_303' title='bbox 1851 1653 1942 1692; x_wconf 91' lang='lat' dir='ltr'>sine</span> <span class='ocrx_word' id='word_1_304' title='bbox 1971 1653 2111 1703; x_wconf 87' lang='lat' dir='ltr'>aliqua</span> <span class='ocrx_word' id='word_1_305' title='bbox 2138 1653 2515 1693; x_wconf 87' lang='lat' dir='ltr'>verisimilitudinis</span> <span class='ocrx_word' id='word_1_306' title='bbox 2541 1653 2686 1704; x_wconf 86' lang='lat' dir='ltr'>specie</span> 
     </span>
     <span class='ocr_line' id='line_1_30' title="bbox 334 1717 2687 1772; baseline -0.001 -11"><span class='ocrx_word' id='word_1_307' title='bbox 334 1733 493 1772; x_wconf 90' lang='lat' dir='ltr'>ponere</span> <span class='ocrx_word' id='word_1_308' title='bbox 522 1722 755 1772; x_wconf 88' lang='lat' dir='ltr'>poterimus</span> <span class='ocrx_word' id='word_1_309' title='bbox 785 1721 978 1761; x_wconf 86' lang='lat' dir='ltr'>librarios</span> <span class='ocrx_word' id='word_1_310' title='bbox 1006 1724 1061 1769; x_wconf 90' lang='lat' dir='ltr'>id,</span> <span class='ocrx_word' id='word_1_311' title='bbox 1091 1721 1204 1770; x_wconf 89' lang='lat' dir='ltr'>quod</span> <span class='ocrx_word' id='word_1_312' title='bbox 1225 1722 1266 1759; x_wconf 93' lang='lat' dir='ltr'>in</span> <span class='ocrx_word' id='word_1_313' title='bbox 1296 1720 1526 1770; x_wconf 87' lang='lat' dir='ltr'>exemplari</span> <span class='ocrx_word' id='word_1_314' title='bbox 1556 1731 1633 1759; x_wconf 90' lang='lat' dir='ltr'>suo</span> <span class='ocrx_word' id='word_1_315' title='bbox 1653 1720 1859 1769; x_wconf 90' lang='lat' dir='ltr'>scriptum</span> <span class='ocrx_word' id='word_1_316' title='bbox 1885 1719 2023 1766; x_wconf 86' lang='lat' dir='ltr'>fuerit,</span> <span class='ocrx_word' id='word_1_317' title='bbox 2044 1717 2223 1757; x_wconf 87' lang='lat' dir='ltr'>fortasse</span> <span class='ocrx_word' id='word_1_318' title='bbox 2251 1721 2423 1768; x_wconf 89' lang='lat' dir='ltr'>propter</span> <span class='ocrx_word' id='word_1_319' title='bbox 2449 1719 2687 1759; x_wconf 79' lang='lat' dir='ltr'>litterarum</span> 
     </span>
     <span class='ocr_line' id='line_1_31' title="bbox 334 1782 2684 1839; baseline -0.001 -12"><span class='ocrx_word' id='word_1_320' title='bbox 334 1789 487 1827; x_wconf 89' lang='lat' dir='ltr'>ductus</span> <span class='ocrx_word' id='word_1_321' title='bbox 517 1787 718 1827; x_wconf 87' lang='lat' dir='ltr'>evanidos</span> <span class='ocrx_word' id='word_1_322' title='bbox 747 1787 816 1826; x_wconf 78' lang='lat' dir='ltr'>vel</span> <span class='ocrx_word' id='word_1_323' title='bbox 844 1788 1119 1837; x_wconf 86' lang='lat' dir='ltr'>nescioquam</span> <span class='ocrx_word' id='word_1_324' title='bbox 1155 1787 1209 1826; x_wconf 88' lang='lat' dir='ltr'>ob</span> <span class='ocrx_word' id='word_1_325' title='bbox 1239 1786 1364 1825; x_wconf 88' lang='lat' dir='ltr'>aliam</span> <span class='ocrx_word' id='word_1_326' title='bbox 1393 1796 1565 1824; x_wconf 88' lang='lat' dir='ltr'>causam</span> <span class='ocrx_word' id='word_1_327' title='bbox 1600 1786 1742 1835; x_wconf 87' lang='lat' dir='ltr'>legere</span> <span class='ocrx_word' id='word_1_328' title='bbox 1778 1785 1978 1834; x_wconf 88' lang='lat' dir='ltr'>nequisse</span> <span class='ocrx_word' id='word_1_329' title='bbox 2018 1782 2201 1839; x_wconf 84' lang='lat' dir='ltr'>ideoque</span> <span class='ocrx_word' id='word_1_330' title='bbox 2237 1784 2445 1823; x_wconf 91' lang='lat' dir='ltr'>vocabula</span> <span class='ocrx_word' id='word_1_331' title='bbox 2478 1783 2684 1824; x_wconf 82' lang='lat' dir='ltr'>omisisse.</span> 
     </span>
     <span class='ocr_line' id='line_1_32' title="bbox 340 1848 2529 1900; baseline -0 -10"><span class='ocrx_word' id='word_1_332' title='bbox 340 1852 472 1892; x_wconf 71' lang='lat' dir='ltr'>Vitrei</span> <span class='ocrx_word' id='word_1_333' title='bbox 500 1857 642 1892; x_wconf 89' lang='lat' dir='ltr'>autem</span> <span class='ocrx_word' id='word_1_334' title='bbox 671 1852 772 1891; x_wconf 91' lang='lat' dir='ltr'>illud</span> <span class='ocrx_word' id='word_1_335' title='bbox 801 1852 990 1892; x_wconf 88' lang='lat' dir='ltr'>librarius</span> <span class='ocrx_word' id='word_1_336' title='bbox 1020 1852 1111 1892; x_wconf 92' lang='lat' dir='ltr'>cod.</span> <span class='ocrx_word' id='word_1_337' title='bbox 1142 1852 1175 1890; x_wconf 93' lang='lat' dir='ltr'>V</span> <span class='ocrx_word' id='word_1_338' title='bbox 1203 1863 1279 1891; x_wconf 91' lang='lat' dir='ltr'>seu</span> <span class='ocrx_word' id='word_1_339' title='bbox 1309 1852 1450 1900; x_wconf 84' lang='lat' dir='ltr'>legere</span> <span class='ocrx_word' id='word_1_340' title='bbox 1478 1850 1557 1890; x_wconf 91' lang='lat' dir='ltr'>sibi</span> <span class='ocrx_word' id='word_1_341' title='bbox 1585 1849 1820 1898; x_wconf 87' lang='lat' dir='ltr'>videbatur,</span> <span class='ocrx_word' id='word_1_342' title='bbox 1849 1860 1926 1888; x_wconf 89' lang='lat' dir='ltr'>seu</span> <span class='ocrx_word' id='word_1_343' title='bbox 1955 1860 2007 1888; x_wconf 82' lang='lat' dir='ltr'>ex</span> <span class='ocrx_word' id='word_1_344' title='bbox 2036 1850 2116 1889; x_wconf 89' lang='lat' dir='ltr'>alio</span> <span class='ocrx_word' id='word_1_345' title='bbox 2146 1850 2252 1888; x_wconf 90' lang='lat' dir='ltr'>libro</span> <span class='ocrx_word' id='word_1_346' title='bbox 2282 1848 2529 1899; x_wconf 88' lang='lat' dir='ltr'>desumpsit.</span> 
     </span>
    </p>

    <p class='ocr_par' dir='ltr' id='par_1_9' title="bbox 330 1902 2689 2228">
     <span class='ocr_line' id='line_1_33' title="bbox 475 1902 2688 1965; baseline -0.002 -7"><span class='ocrx_word' id='word_1_347' title='bbox 475 1918 559 1959; x_wconf 86' lang='lat' dir='ltr'>Sed</span> <span class='ocrx_word' id='word_1_348' title='bbox 588 1917 695 1957; x_wconf 90' lang='lat' dir='ltr'>haec</span> <span class='ocrx_word' id='word_1_349' title='bbox 725 1916 932 1957; x_wconf 88' lang='lat' dir='ltr'>hactenus</span> <span class='ocrx_word' id='word_1_350' title='bbox 961 1918 1014 1956; x_wconf 88' lang='lat' dir='ltr'>de</span> <span class='ocrx_word' id='word_1_351' title='bbox 1043 1916 1200 1956; x_wconf 90' lang='lat' dir='ltr'>codicis</span> <span class='ocrx_word' id='word_1_352' title='bbox 1229 1915 1263 1954; x_wconf 91' lang='lat' dir='ltr'><strong>G</strong></span> <span class='ocrx_word' id='word_1_353' title='bbox 1293 1902 1561 1965; x_wconf 57' lang='lat' dir='ltr'>praestantia,</span> <span class='ocrx_word' id='word_1_354' title='bbox 1591 1916 1663 1965; x_wconf 86' lang='lat' dir='ltr'>qui</span> <span class='ocrx_word' id='word_1_355' title='bbox 1692 1916 1792 1965; x_wconf 86' lang='lat' dir='ltr'>quin</span> <span class='ocrx_word' id='word_1_356' title='bbox 1822 1925 1874 1953; x_wconf 82' lang='lat' dir='ltr'>ex</span> <span class='ocrx_word' id='word_1_357' title='bbox 1902 1914 2013 1953; x_wconf 91' lang='lat' dir='ltr'>bono</span> <span class='ocrx_word' id='word_1_358' title='bbox 2034 1914 2241 1954; x_wconf 91' lang='lat' dir='ltr'>deductus</span> <span class='ocrx_word' id='word_1_359' title='bbox 2270 1915 2324 1954; x_wconf 88' lang='lat' dir='ltr'>sit</span> <span class='ocrx_word' id='word_1_360' title='bbox 2351 1914 2478 1963; x_wconf 86' lang='lat' dir='ltr'>fonte,</span> <span class='ocrx_word' id='word_1_361' title='bbox 2497 1914 2581 1954; x_wconf 87' lang='lat' dir='ltr'>iam</span> <span class='ocrx_word' id='word_1_362' title='bbox 2602 1925 2688 1955; x_wconf 88' lang='lat' dir='ltr'>non</span> 
     </span>
     <span class='ocr_line' id='line_1_34' title="bbox 333 1978 2687 2034; baseline -0.001 -11"><span class='ocrx_word' id='word_1_363' title='bbox 333 1984 564 2034; x_wconf 86' lang='lat' dir='ltr'>poterimus</span> <span class='ocrx_word' id='word_1_364' title='bbox 594 1983 797 2022; x_wconf 88' lang='lat' dir='ltr'>dubitare.</span> <span class='ocrx_word' id='word_1_365' title='bbox 854 1983 961 2030; x_wconf 88' lang='lat' dir='ltr'>Quid</span> <span class='ocrx_word' id='word_1_366' title='bbox 991 1982 1121 2032; x_wconf 78' lang='lat' dir='ltr'>ergo‘?</span> <span class='ocrx_word' id='word_1_367' title='bbox 1150 1981 1525 2031; x_wconf 89' lang='lat' dir='ltr'>Amplectemurne</span> <span class='ocrx_word' id='word_1_368' title='bbox 1554 1992 1578 2018; x_wconf 91' lang='lat' dir='ltr'>a</span> <span class='ocrx_word' id='word_1_369' title='bbox 1606 1979 1863 2019; x_wconf 84' lang='lat' dir='ltr'>Baehrensio</span> <span class='ocrx_word' id='word_1_370' title='bbox 1893 1980 2007 2018; x_wconf 86' lang='lat' dir='ltr'>illam</span> <span class='ocrx_word' id='word_1_371' title='bbox 2035 1979 2089 2018; x_wconf 89' lang='lat' dir='ltr'>de</span> <span class='ocrx_word' id='word_1_372' title='bbox 2118 1979 2265 2019; x_wconf 89' lang='lat' dir='ltr'>codice</span> <span class='ocrx_word' id='word_1_373' title='bbox 2293 1978 2328 2018; x_wconf 95' lang='lat' dir='ltr'><strong>G</strong></span> <span class='ocrx_word' id='word_1_374' title='bbox 2349 1980 2558 2030; x_wconf 86' lang='lat' dir='ltr'>prolatam</span> <span class='ocrx_word' id='word_1_375' title='bbox 2590 1991 2687 2020; x_wconf 86' lang='lat' dir='ltr'>sen-</span> 
     </span>
     <span class='ocr_line' id='line_1_35' title="bbox 330 2044 2688 2098; baseline -0.002 -10"><span class='ocrx_word' id='word_1_376' title='bbox 330 2050 510 2088; x_wconf 89' lang='lat' dir='ltr'>tentiam</span> <span class='ocrx_word' id='word_1_377' title='bbox 539 2049 630 2088; x_wconf 92' lang='lat' dir='ltr'>cod.</span> <span class='ocrx_word' id='word_1_378' title='bbox 662 2047 696 2087; x_wconf 94' lang='lat' dir='ltr'><strong>G</strong></span> <span class='ocrx_word' id='word_1_379' title='bbox 725 2049 829 2087; x_wconf 89' lang='lat' dir='ltr'>nulli</span> <span class='ocrx_word' id='word_1_380' title='bbox 857 2047 1189 2098; x_wconf 89' lang='lat' dir='ltr'>interpolationis</span> <span class='ocrx_word' id='word_1_381' title='bbox 1217 2046 1445 2096; x_wconf 90' lang='lat' dir='ltr'>suspicioni</span> <span class='ocrx_word' id='word_1_382' title='bbox 1481 2045 1710 2085; x_wconf 86' lang='lat' dir='ltr'>obnoxium</span> <span class='ocrx_word' id='word_1_383' title='bbox 1747 2046 2031 2096; x_wconf 90' lang='lat' dir='ltr'>principatum</span> <span class='ocrx_word' id='word_1_384' title='bbox 2063 2044 2239 2084; x_wconf 74' lang='lat' dir='ltr'>tenere‘?</span> <span class='ocrx_word' id='word_1_385' title='bbox 2280 2045 2477 2085; x_wconf 88' lang='lat' dir='ltr'>Minime!</span> <span class='ocrx_word' id='word_1_386' title='bbox 2511 2045 2688 2095; x_wconf 86' lang='lat' dir='ltr'>Iamque</span> 
     </span>
     <span class='ocr_line' id='line_1_36' title="bbox 332 2110 2689 2163; baseline -0.001 -10"><span class='ocrx_word' id='word_1_387' title='bbox 332 2114 386 2153; x_wconf 86' lang='lat' dir='ltr'>ad</span> <span class='ocrx_word' id='word_1_388' title='bbox 422 2125 516 2154; x_wconf 86' lang='lat' dir='ltr'>eam</span> <span class='ocrx_word' id='word_1_389' title='bbox 553 2114 848 2163; x_wconf 87' lang='lat' dir='ltr'>disputationis</span> <span class='ocrx_word' id='word_1_390' title='bbox 900 2117 1071 2152; x_wconf 89' lang='lat' dir='ltr'>nostrae</span> <span class='ocrx_word' id='word_1_391' title='bbox 1119 2112 1390 2162; x_wconf 84' lang='lat' dir='ltr'>pervenimus</span> <span class='ocrx_word' id='word_1_392' title='bbox 1439 2114 1624 2161; x_wconf 88' lang='lat' dir='ltr'>partem,</span> <span class='ocrx_word' id='word_1_393' title='bbox 1661 2110 1749 2159; x_wconf 88' lang='lat' dir='ltr'>ubi,</span> <span class='ocrx_word' id='word_1_394' title='bbox 1779 2110 1901 2160; x_wconf 88' lang='lat' dir='ltr'>quid</span> <span class='ocrx_word' id='word_1_395' title='bbox 1938 2110 2306 2150; x_wconf 84' lang='lat' dir='ltr'>decodicibus</span> <span class='ocrx_word' id='word_1_396' title='bbox 2345 2110 2423 2150; x_wconf 89' lang='lat' dir='ltr'>AV</span> <span class='ocrx_word' id='word_1_397' title='bbox 2458 2114 2689 2150; x_wconf 83' lang='lat' dir='ltr'>statuen-</span> 
     </span>
     <span class='ocr_line' id='line_1_37' title="bbox 333 2178 1163 2228; baseline -0.001 -10"><span class='ocrx_word' id='word_1_398' title='bbox 333 2179 447 2219; x_wconf 91' lang='lat' dir='ltr'>dum</span> <span class='ocrx_word' id='word_1_399' title='bbox 476 2180 562 2228; x_wconf 88' lang='lat' dir='ltr'>sit,</span> <span class='ocrx_word' id='word_1_400' title='bbox 592 2179 794 2218; x_wconf 86' lang='lat' dir='ltr'>iudicium</span> <span class='ocrx_word' id='word_1_401' title='bbox 823 2179 900 2218; x_wconf 87' lang='lat' dir='ltr'>erit</span> <span class='ocrx_word' id='word_1_402' title='bbox 928 2178 1163 2218; x_wconf 87' lang='lat' dir='ltr'>ferendum.</span> 
     </span>
    </p>
   </div>
   <div class='ocr_carea' id='block_1_8' title="bbox 777 2541 2208 2750">
    <p class='ocr_par' dir='ltr' id='par_1_10' title="bbox 777 2541 2208 2750">
     <span class='ocr_line' id='line_1_38' title="bbox 1316 2541 1710 2629; baseline -0.008 -18"><span class='ocrx_word' id='word_1_403' title='bbox 1316 2541 1581 2629; x_wconf 85' lang='lat' dir='ltr'>Caput</span> <span class='ocrx_word' id='word_1_404' title='bbox 1624 2541 1710 2608; x_wconf 92' lang='lat' dir='ltr'>II.</span> 
     </span>
     <span class='ocr_line' id='line_1_39' title="bbox 777 2659 2208 2750; baseline 0 -12"><span class='ocrx_word' id='word_1_405' title='bbox 777 2659 903 2738; x_wconf 51' lang='grc' dir='ltr'>χΒΘ</span> <span class='ocrx_word' id='word_1_406' title='bbox 941 2691 1232 2739; x_wconf 85' lang='lat' dir='ltr'>codicum</span> <span class='ocrx_word' id='word_1_407' title='bbox 1274 2689 1397 2739; x_wconf 87' lang='lat' dir='ltr'>AV</span> <span class='ocrx_word' id='word_1_408' title='bbox 1438 2689 1558 2739; x_wconf 86' lang='lat' dir='ltr'>fide</span> <span class='ocrx_word' id='word_1_409' title='bbox 1595 2695 1785 2750; x_wconf 84' lang='lat' dir='ltr'>atque</span> <span class='ocrx_word' id='word_1_410' title='bbox 1824 2689 2208 2739; x_wconf 81' lang='lat' dir='ltr'>auctoritate.</span> 
     </span>
    </p>
   </div>
   <div class='ocr_carea' id='block_1_9' title="bbox 334 2825 2682 3268">
    <p class='ocr_par' dir='ltr' id='par_1_11' title="bbox 334 2825 2682 3268">
     <span class='ocr_line' id='line_1_40' title="bbox 476 2825 2682 2878; baseline -0.001 -10"><span class='ocrx_word' id='word_1_411' title='bbox 476 2829 538 2867; x_wconf 89' lang='lat' dir='ltr'>Ac</span> <span class='ocrx_word' id='word_1_412' title='bbox 566 2828 748 2878; x_wconf 90' lang='lat' dir='ltr'>primum</span> <span class='ocrx_word' id='word_1_413' title='bbox 777 2828 949 2878; x_wconf 88' lang='lat' dir='ltr'>quidem</span> <span class='ocrx_word' id='word_1_414' title='bbox 977 2833 1093 2868; x_wconf 91' lang='lat' dir='ltr'>recte</span> <span class='ocrx_word' id='word_1_415' title='bbox 1122 2828 1224 2867; x_wconf 90' lang='lat' dir='ltr'>dicit</span> <span class='ocrx_word' id='word_1_416' title='bbox 1251 2827 1530 2878; x_wconf 88' lang='lat' dir='ltr'>Rossbergius</span> <span class='ocrx_word' id='word_1_417' title='bbox 1559 2827 1680 2867; x_wconf 92' lang='lat' dir='ltr'>codd.</span> <span class='ocrx_word' id='word_1_418' title='bbox 1708 2827 1778 2867; x_wconf 88' lang='lat' dir='ltr'>AV</span> <span class='ocrx_word' id='word_1_419' title='bbox 1807 2830 2002 2866; x_wconf 85' lang='lat' dir='ltr'>exaratos</span> <span class='ocrx_word' id='word_1_420' title='bbox 2036 2837 2132 2866; x_wconf 91' lang='lat' dir='ltr'>esse</span> <span class='ocrx_word' id='word_1_421' title='bbox 2160 2837 2236 2878; x_wconf 92' lang='lat' dir='ltr'>per</span> <span class='ocrx_word' id='word_1_422' title='bbox 2272 2826 2461 2869; x_wconf 87' lang='lat' dir='ltr'>librarios</span> <span class='ocrx_word' id='word_1_423' title='bbox 2488 2825 2682 2866; x_wconf 86' lang='lat' dir='ltr'>indoctos</span> 
     </span>
     <span class='ocr_line' id='line_1_41' title="bbox 335 2891 2681 2943; baseline -0.001 -11"><span class='ocrx_word' id='word_1_424' title='bbox 335 2898 462 2943; x_wconf 88' lang='lat' dir='ltr'>atque</span> <span class='ocrx_word' id='word_1_425' title='bbox 489 2894 659 2942; x_wconf 85' lang='lat' dir='ltr'>stultos,</span> <span class='ocrx_word' id='word_1_426' title='bbox 695 2894 786 2943; x_wconf 89' lang='lat' dir='ltr'>qui,</span> <span class='ocrx_word' id='word_1_427' title='bbox 822 2904 1102 2943; x_wconf 85' lang='lat' dir='ltr'>quaecunque</span> <span class='ocrx_word' id='word_1_428' title='bbox 1130 2894 1173 2933; x_wconf 90' lang='lat' dir='ltr'>in</span> <span class='ocrx_word' id='word_1_429' title='bbox 1210 2893 1439 2943; x_wconf 87' lang='lat' dir='ltr'>exemplari</span> <span class='ocrx_word' id='word_1_430' title='bbox 1474 2904 1551 2932; x_wconf 90' lang='lat' dir='ltr'>suo</span> <span class='ocrx_word' id='word_1_431' title='bbox 1587 2893 1838 2941; x_wconf 87' lang='lat' dir='ltr'>invenerint,</span> <span class='ocrx_word' id='word_1_432' title='bbox 1876 2893 2034 2942; x_wconf 91' lang='lat' dir='ltr'>optima</span> <span class='ocrx_word' id='word_1_433' title='bbox 2066 2892 2151 2932; x_wconf 89' lang='lat' dir='ltr'>fide</span> <span class='ocrx_word' id='word_1_434' title='bbox 2187 2891 2508 2942; x_wconf 80' lang='lat' dir='ltr'>propagaverint</span> <span class='ocrx_word' id='word_1_435' title='bbox 2541 2902 2681 2941; x_wconf 89' lang='lat' dir='ltr'>neque</span> 
     </span>
     <span class='ocr_line' id='line_1_42' title="bbox 334 2954 2681 3009; baseline -0 -13"><span class='ocrx_word' id='word_1_436' title='bbox 334 2959 455 2997; x_wconf 89' lang='lat' dir='ltr'>veriti</span> <span class='ocrx_word' id='word_1_437' title='bbox 483 2958 566 2997; x_wconf 89' lang='lat' dir='ltr'>sint</span> <span class='ocrx_word' id='word_1_438' title='bbox 595 2969 713 2997; x_wconf 87' lang='lat' dir='ltr'>mera</span> <span class='ocrx_word' id='word_1_439' title='bbox 741 2958 970 2998; x_wconf 84' lang='lat' dir='ltr'>verborum</span> <span class='ocrx_word' id='word_1_440' title='bbox 999 2963 1191 2998; x_wconf 90' lang='lat' dir='ltr'>monstra</span> <span class='ocrx_word' id='word_1_441' title='bbox 1219 2962 1346 3008; x_wconf 88' lang='lat' dir='ltr'>atque</span> <span class='ocrx_word' id='word_1_442' title='bbox 1375 2962 1571 3009; x_wconf 90' lang='lat' dir='ltr'>portenta</span> <span class='ocrx_word' id='word_1_443' title='bbox 1599 2956 1852 3005; x_wconf 89' lang='lat' dir='ltr'>describere,</span> <span class='ocrx_word' id='word_1_444' title='bbox 1881 2957 1939 2996; x_wconf 89' lang='lat' dir='ltr'>ita</span> <span class='ocrx_word' id='word_1_445' title='bbox 1964 2960 2011 2996; x_wconf 89' lang='lat' dir='ltr'>ut</span> <span class='ocrx_word' id='word_1_446' title='bbox 2041 2955 2194 2996; x_wconf 90' lang='lat' dir='ltr'>horum</span> <span class='ocrx_word' id='word_1_447' title='bbox 2231 2956 2426 2996; x_wconf 91' lang='lat' dir='ltr'>codicum</span> <span class='ocrx_word' id='word_1_448' title='bbox 2459 2959 2599 2995; x_wconf 87' lang='lat' dir='ltr'>textus</span> <span class='ocrx_word' id='word_1_449' title='bbox 2628 2954 2681 2995; x_wconf 88' lang='lat' dir='ltr'>de</span> 
     </span>
     <span class='ocr_line' id='line_1_43' title="bbox 334 3020 2682 3074; baseline -0.001 -13"><span class='ocrx_word' id='word_1_450' title='bbox 334 3023 725 3073; x_wconf 86' lang='lat' dir='ltr'>interpolationibus</span> <span class='ocrx_word' id='word_1_451' title='bbox 754 3035 841 3062; x_wconf 91' lang='lat' dir='ltr'>non</span> <span class='ocrx_word' id='word_1_452' title='bbox 869 3024 922 3063; x_wconf 87' lang='lat' dir='ltr'>sit</span> <span class='ocrx_word' id='word_1_453' title='bbox 950 3028 1189 3074; x_wconf 84' lang='lat' dir='ltr'>suspectus.</span> <span class='ocrx_word' id='word_1_454' title='bbox 1244 3023 1332 3063; x_wconf 94' lang='lat' dir='ltr'>Nec</span> <span class='ocrx_word' id='word_1_455' title='bbox 1360 3035 1445 3062; x_wconf 92' lang='lat' dir='ltr'>non</span> <span class='ocrx_word' id='word_1_456' title='bbox 1475 3023 1664 3062; x_wconf 90' lang='lat' dir='ltr'>concedo</span> <span class='ocrx_word' id='word_1_457' title='bbox 1692 3021 1947 3072; x_wconf 84' lang='lat' dir='ltr'>Rossbergio</span> <span class='ocrx_word' id='word_1_458' title='bbox 1977 3022 2085 3061; x_wconf 91' lang='lat' dir='ltr'>cod.</span> <span class='ocrx_word' id='word_1_459' title='bbox 2117 3022 2151 3061; x_wconf 92' lang='lat' dir='ltr'><strong>G</strong></span> <span class='ocrx_word' id='word_1_460' title='bbox 2180 3020 2312 3060; x_wconf 89' lang='lat' dir='ltr'>haud</span> <span class='ocrx_word' id='word_1_461' title='bbox 2335 3021 2520 3070; x_wconf 87' lang='lat' dir='ltr'>paucis</span> <span class='ocrx_word' id='word_1_462' title='bbox 2548 3020 2682 3060; x_wconf 86' lang='lat' dir='ltr'>locis</span> 
     </span>
     <span class='ocr_line' id='line_1_44' title="bbox 335 3084 2673 3139; baseline -0 -13"><span class='ocrx_word' id='word_1_463' title='bbox 335 3088 718 3138; x_wconf 88' lang='lat' dir='ltr'>interpolatum</span> <span class='ocrx_word' id='word_1_464' title='bbox 748 3099 884 3139; x_wconf 90' lang='lat' dir='ltr'>esse,</span> <span class='ocrx_word' id='word_1_465' title='bbox 913 3089 999 3129; x_wconf 86' lang='lat' dir='ltr'>ubi</span> <span class='ocrx_word' id='word_1_466' title='bbox 1029 3089 1269 3128; x_wconf 89' lang='lat' dir='ltr'>codd.AV</span> <span class='ocrx_word' id='word_1_467' title='bbox 1291 3092 1467 3128; x_wconf 88' lang='lat' dir='ltr'>rectas</span> <span class='ocrx_word' id='word_1_468' title='bbox 1484 3086 1760 3127; x_wconf 84' lang='lat' dir='ltr'>exhibeant</span> <span class='ocrx_word' id='word_1_469' title='bbox 1787 3087 2096 3136; x_wconf 90' lang='lat' dir='ltr'>scripturas.</span> <span class='ocrx_word' id='word_1_470' title='bbox 2145 3084 2387 3125; x_wconf 89' lang='lat' dir='ltr'>Admodum</span> <span class='ocrx_word' id='word_1_471' title='bbox 2406 3088 2549 3124; x_wconf 86' lang='lat' dir='ltr'>autem</span> <span class='ocrx_word' id='word_1_472' title='bbox 2567 3085 2673 3126; x_wconf 85' lang='lat' dir='ltr'>vitu-</span> 
     </span>
     <span class='ocr_line' id='line_1_45' title="bbox 334 3149 2681 3205; baseline -0 -14"><span class='ocrx_word' id='word_1_473' title='bbox 334 3153 546 3202; x_wconf 88' lang='lat' dir='ltr'>perandus</span> <span class='ocrx_word' id='word_1_474' title='bbox 582 3158 645 3193; x_wconf 88' lang='lat' dir='ltr'>est</span> <span class='ocrx_word' id='word_1_475' title='bbox 680 3154 978 3205; x_wconf 86' lang='lat' dir='ltr'>Rossbergius‚</span> <span class='ocrx_word' id='word_1_476' title='bbox 1008 3154 1120 3204; x_wconf 90' lang='lat' dir='ltr'>quod</span> <span class='ocrx_word' id='word_1_477' title='bbox 1151 3155 1278 3193; x_wconf 90' lang='lat' dir='ltr'>etiam</span> <span class='ocrx_word' id='word_1_478' title='bbox 1305 3155 1411 3193; x_wconf 90' lang='lat' dir='ltr'>tales</span> <span class='ocrx_word' id='word_1_479' title='bbox 1440 3153 1575 3201; x_wconf 90' lang='lat' dir='ltr'>locos,</span> <span class='ocrx_word' id='word_1_480' title='bbox 1611 3152 1684 3202; x_wconf 88' lang='lat' dir='ltr'>qui</span> <span class='ocrx_word' id='word_1_481' title='bbox 1717 3162 1794 3202; x_wconf 91' lang='lat' dir='ltr'>per</span> <span class='ocrx_word' id='word_1_482' title='bbox 1828 3162 1988 3190; x_wconf 90' lang='lat' dir='ltr'>meram</span> <span class='ocrx_word' id='word_1_483' title='bbox 2017 3150 2329 3201; x_wconf 87' lang='lat' dir='ltr'>neglegentiam</span> <span class='ocrx_word' id='word_1_484' title='bbox 2365 3160 2460 3188; x_wconf 90' lang='lat' dir='ltr'>sese</span> <span class='ocrx_word' id='word_1_485' title='bbox 2497 3149 2681 3190; x_wconf 85' lang='lat' dir='ltr'>clament</span> 
     </span>
     <span class='ocr_line' id='line_1_46' title="bbox 338 3213 2680 3268; baseline -0.001 -12"><span class='ocrx_word' id='word_1_486' title='bbox 338 3222 559 3268; x_wconf 88' lang='lat' dir='ltr'>corruptos</span> <span class='ocrx_word' id='word_1_487' title='bbox 589 3229 694 3267; x_wconf 90' lang='lat' dir='ltr'>esse,</span> <span class='ocrx_word' id='word_1_488' title='bbox 724 3219 792 3257; x_wconf 92' lang='lat' dir='ltr'>vel</span> <span class='ocrx_word' id='word_1_489' title='bbox 821 3230 927 3268; x_wconf 87' lang='lat' dir='ltr'>quos</span> <span class='ocrx_word' id='word_1_490' title='bbox 955 3230 1031 3258; x_wconf 94' lang='lat' dir='ltr'>cur</span> <span class='ocrx_word' id='word_1_491' title='bbox 1059 3219 1284 3257; x_wconf 89' lang='lat' dir='ltr'>mutaverit</span> <span class='ocrx_word' id='word_1_492' title='bbox 1313 3218 1504 3257; x_wconf 90' lang='lat' dir='ltr'>librarius</span> <span class='ocrx_word' id='word_1_493' title='bbox 1525 3228 1578 3256; x_wconf 91' lang='lat' dir='ltr'>ne</span> <span class='ocrx_word' id='word_1_494' title='bbox 1596 3216 1782 3267; x_wconf 85' lang='lat' dir='ltr'>intellegi</span> <span class='ocrx_word' id='word_1_495' title='bbox 1802 3216 1972 3266; x_wconf 88' lang='lat' dir='ltr'>quidem</span> <span class='ocrx_word' id='word_1_496' title='bbox 1993 3216 2137 3266; x_wconf 87' lang='lat' dir='ltr'>possit,</span> <span class='ocrx_word' id='word_1_497' title='bbox 2157 3227 2233 3266; x_wconf 91' lang='lat' dir='ltr'>pro</span> <span class='ocrx_word' id='word_1_498' title='bbox 2261 3214 2523 3265; x_wconf 88' lang='lat' dir='ltr'>interpolatis</span> <span class='ocrx_word' id='word_1_499' title='bbox 2541 3213 2680 3263; x_wconf 88' lang='lat' dir='ltr'>habet,</span> 
     </span>
    </p>
   </div>
   <div class='ocr_carea' id='block_1_10' title="bbox 335 3332 477 3336">
    <p class='ocr_par' dir='ltr' id='par_1_12' title="bbox 335 3332 477 3336">
     <span class='ocr_line' id='line_1_47' title="bbox 335 3332 477 3336; baseline 0 0"><span class='ocrx_word' id='word_1_500' title='bbox 335 3332 477 3336; x_wconf 95' lang='lat' dir='ltr'> </span> 
     </span>
    </p>
   </div>
   <div class='ocr_carea' id='block_1_11' title="bbox 478 3333 620 3338">
    <p class='ocr_par' dir='ltr' id='par_1_13' title="bbox 478 3333 620 3338">
     <span class='ocr_line' id='line_1_48' title="bbox 478 3333 620 3338; baseline 0 0"><span class='ocrx_word' id='word_1_501' title='bbox 478 3333 620 3338; x_wconf 95' lang='lat' dir='ltr'> </span> 
     </span>
    </p>
   </div>
   <div class='ocr_carea' id='block_1_12' title="bbox 483 3387 932 3435">
    <p class='ocr_par' dir='ltr' id='par_1_14' title="bbox 483 3387 932 3435">
     <span class='ocr_line' id='line_1_49' title="bbox 483 3387 932 3435; baseline 0 -9"><span class='ocrx_word' id='word_1_502' title='bbox 483 3387 509 3434; x_wconf 90' lang='lat'>¹)</span> <span class='ocrx_word' id='word_1_503' title='bbox 535 3391 583 3426; x_wconf 86' lang='lat' dir='ltr'>ad</span> <span class='ocrx_word' id='word_1_504' title='bbox 607 3390 763 3427; x_wconf 88' lang='lat' dir='ltr'>Lucret.</span> <span class='ocrx_word' id='word_1_505' title='bbox 789 3400 826 3435; x_wconf 88' lang='lat' dir='ltr'>p.</span> <span class='ocrx_word' id='word_1_506' title='bbox 851 3389 932 3426; x_wconf 83' lang='lat'>267.</span> 
     </span>
    </p>
   </div>
  </div>
 </body>
</html>
