2736 3788
1117 219 1355 258 -5-

61 345 229 398 generis
263 345 453 384 locorum
488 345 578 395 ipse
621 344 846 384 confitetur
878 345 1046 393 longam
1081 353 1179 382 esse
1212 343 1366 382 seriem
1394 364 1443 371 —
1473 343 1705 392 scripturas
1741 341 1850 381 illius
1887 353 1972 381 non
2008 342 2088 382 nisi
2122 352 2174 381 ex
2210 341 2406 382 felicibus

61 410 218 452 librarii
251 410 505 450 coniecturis
541 420 636 450 esse
672 408 918 449 restitutas?
940 406 968 457 ¹)
1005 429 1059 437 —-
1095 408 1214 447 Hanc
1251 412 1397 447 contra
1438 407 1681 457 Rossbergii
1727 407 2090 447 ratiocinationem
2125 404 2406 447 Baehrensius

60 477 105 517 in
132 474 284 518 eodem
311 475 447 514 annal.
474 473 614 525 philol.
643 474 855 513 volumine
883 474 1021 525 (pagg.
1048 472 1126 513 473
1146 476 1189 512 et
1208 472 1307 522 474)
1334 474 1377 512 in
1404 473 1651 512 universum
1678 473 1811 523 magis
1839 472 2060 522 disputans
2088 482 2215 522 quam
2244 471 2406 521 singula

61 540 115 581 ab
147 539 220 579 illo
253 538 344 578 viro
378 538 502 578 docto
535 538 749 589 proposita
789 542 1037 589 argumenta
1067 538 1301 588 infringens
1343 537 1572 578 declaravit
1614 536 1858 587 Rossbergii
1899 536 1979 576 sibi
2019 547 2104 576 non
2145 536 2407 610 persuasisse

63 605 469 656 argumentationem
499 614 758 655 prorsusque
792 614 889 643 sese
924 604 967 642 in
995 603 1203 643 sententia
1230 615 1308 642 sua
1335 613 1619 654 perseverare.

206 693 340 742 Quam
354 692 408 732 ad
425 693 754 747 controversiam
770 691 1081 730 diiudicandam
1099 696 1145 730 ut
1161 702 1243 730 non
1268 701 1428 740 omnes,
1447 690 1523 730 sed
1545 690 1759 740 graviores
1773 692 1934 729 tantum
1950 689 2196 729 examinabo
2211 689 2405 729 codicum

62 748 378 811 discrepantias}
395 758 454 796 ita
471 757 577 796 tales
592 767 762 807 quoque
780 756 970 796 tractabo
991 755 1264 803 differentiaS‚
1285 765 1393 804 quae
1413 755 1465 794 ab
1484 755 1564 794 illis
1581 753 1682 794 viris
1712 754 1846 794 doctis
1865 755 1908 793 in
1923 754 2108 794 medium
2123 766 2207 794 non
2219 755 2404 805 prolatae

65 823 262 866 efficaces
285 822 402 861 visae
428 822 511 860 sint
539 820 649 861 hanc
676 822 729 861 ad
758 822 1048 872 quaestionem
1078 819 1386 860 enucleandam
1414 823 1541 870 atque
1568 819 1888 870 explanandam.
1937 820 2083 870 Neque
2113 832 2214 860 vero
2242 821 2405 870 singula

65 889 312 939 argumenta
345 885 399 924 ab
440 885 518 925 illis
561 887 772 936 proposita
814 887 1015 936 deinceps
1050 885 1340 935 percensebo,
1376 884 1453 925 sed
1489 885 1532 924 in
1566 896 1770 935 praesens
1810 895 1948 935 neque
1984 884 2226 925 Baehrensii
2266 896 2404 935 neque

65 950 304 1002 Rossbergii
332 951 584 990 sententiam
613 953 843 1002 respiciens
871 952 1095 1002 propriam,
1117 961 1226 1000 quae
1256 950 1308 990 ad
1339 951 1671 991 controversiam
1690 950 1952 990 tractandam
1980 952 2196 1001 aptissima
2224 950 2325 990 mihi
2345 952 2405 990 vi-

65 1015 255 1064 debatur,
282 1014 396 1053 viam
424 1017 552 1064 atque
582 1016 785 1056 rationem
813 1017 1041 1055 instituam.

1066 1301 1329 1389 Caput
1372 1304 1422 1369 Ι.

607 1462 697 1510 De
735 1463 961 1511 codicis
1001 1461 1052 1511 G
1093 1462 1218 1511 fide
1256 1469 1444 1522 atque
1481 1466 1860 1512 auctoritate.

203 1637 265 1676 Ac
283 1636 467 1687 primum
487 1636 675 1685 quidem,
690 1639 736 1675 ut
755 1637 1087 1686 pe1vestigemus
1117 1641 1159 1676 et
1188 1647 1506 1686 cognoscamus,
1536 1648 1746 1686 quaenam
1782 1639 1888 1678 fides
1915 1638 2139 1678 tribuenda
2166 1638 2219 1677 sit
2247 1636 2338 1677 cod.
2368 1635 2400 1674 G

74 1725 116 1732 —
144 1713 245 1742 nam
272 1702 316 1740 in
345 1700 428 1741 hoc
461 1702 726 1751 potissimum
756 1701 838 1740 litis
876 1700 1002 1740 cardo
1032 1701 1290 1740 vertitur—
1317 1705 1414 1741 ante
1450 1702 1591 1740 omnia
1630 1703 2052 1753 circumspiciendum
2087 1705 2186 1752 erit,
2221 1702 2404 1752 quibus

63 1768 192 1808 locis
221 1765 326 1806 cod.
367 1765 403 1805 G
445 1767 739 1816 scripturae
782 1766 1021 1805 diversae
1057 1777 1082 1804 a
1122 1768 1444 1806 testimoniis
1484 1767 1626 1807 codd.
1671 1769 1744 1806 AV
1779 1769 2085 1819 conspirent
2126 1779 2239 1808 cum
2280 1768 2405 1807 Fris

62 1837 111 1872 et
143 1832 201 1880 F„
230 1842 340 1881 quae
374 1830 610 1880 fragmenta
637 1835 802 1870 constat
831 1831 1027 1870 omnibus
1056 1832 1209 1871 ceteris
1239 1831 1454 1871 codicibus
1482 1833 1605 1883 longe
1633 1837 1867 1883 praestare.
1926 1834 2053 1874 Cuius
2080 1833 2246 1882 generis
2282 1833 2318 1872 si
2344 1833 2404 1872 in-

62 1897 306 1938 venerimus
334 1896 538 1935 lectiones
568 1907 643 1946 per
671 1907 718 1935 se
747 1895 998 1943 tolerabiles,
1028 1907 1100 1935 eas
1121 1897 1352 1946 antiquitus
1379 1897 1554 1936 traditas
1583 1902 1625 1937 et
1644 1899 1848 1948 genuinas
1868 1910 1963 1938 esse
1992 1902 2154 1938 certum
2175 1899 2252 1938 erit
2280 1902 2405 1948 atque

62 1962 337 2013 exploratum.
394 1960 499 2001 Cum
527 1962 736 2011 excerptis
765 1965 907 2000 autem
937 1961 1038 2000 Fris.
1069 1961 1161 2000 cod.
1193 1962 1227 2001 G
1255 1961 1371 2002 hisce
1398 1963 1627 2002 concordat
1656 1962 1827 2013 locisz2)

566 2025 594 2072 I,
624 2026 688 2073 1,2
746 2026 881 2064 multa
944 2026 978 2064 G
1008 2026 1113 2074 Par„
1150 2026 1180 2065 F
1182 2026 1265 2075 ris„
1300 2028 1523 2067 Diomedes
1653 2040 1813 2078 mayna
1844 2028 1912 2067 AV

571 2091 601 2138 Ι,
633 2091 696 2139 1,5
751 2092 840 2129 vita
949 2091 983 2130 G
1014 2092 1119 2139 Par„
1149 2092 1251 2130 Fris.
1654 2095 1767 2132 vitae
1867 2124 1890 2142 „

570 2156 600 2203 I,
624 2155 721 2204 ,1,64
747 2156 891 2194 vincta
945 2156 980 2196 G
1011 2157 1100 2195 Fris
1250 2147 1254 2151 ⁴
1647 2160 1795 2197 iuncta
1868 2189 1891 2207 „

569 2221 599 2270 Ι,
629 2221 714 2269 1‚71
747 2233 821 2259 nec
946 2221 980 2260 G
1008 2222 1113 2269 Par„
1144 2222 1246 2260 Fris.
1646 2236 1782 2274 neque
1876 2255 1886 2272 ,

570 2285 601 2332 I,
628 2285 715 2333 8‚51
748 2287 911 2324 sontica
948 2285 983 2325 G
1013 2286 1113 2325 Fris.
1647 2289 1800 2342 sentiga
1862 2320 1885 2338 „

532 2350 599 2400 (ΙΙ,
627 2350 719 2398 3,63
746 2351 933 2401 ,αἰρεαῑοε
954 2350 988 2390 G
1017 2351 1119 2390 Fris.
1648 2353 1834 2403 bipsatos
1861 2384 1885 2402 „

209 2415 239 2454 F
283 2426 367 2454 uno
420 2415 512 2454 loco
563 2414 661 2453 facit
716 2426 814 2455 cum
858 2416 891 2455 G
935 2421 1080 2455 contra
1129 2416 1218 2454 AV:
1273 2427 1419 2467 paneg.
1449 2417 1571 2456 Mess.
1594 2419 1665 2457 40:
1716 2419 1785 2457 hic
1836 2423 1912 2457 αυτ
1956 2420 2024 2458 hic
2079 2419 2155 2457 tibi
2204 2419 2290 2468 GF,
2337 2419 2405 2457 hic

68 2485 144 2520 aut
172 2479 251 2518 tibi
279 2480 362 2519 AV.

207 2545 295 2584 Iam
323 2546 613 2584 examinemus
642 2544 717 2584 has
746 2547 974 2595 scripturas
1004 2550 1046 2584 et
1076 2545 1306 2593 videamus,
1336 2546 1435 2595 quid
1464 2546 1563 2585 inde
1591 2547 1814 2587 lucremur.

211 2610 270 2649 De
298 2611 446 2660 prima,
475 2606 603 2659 quam
632 2611 974 2658 commemoravi,
1004 2609 1255 2649 differentia:

688 2675 718 2723 Ι,
746 2675 784 2723 1,
812 2675 859 2714 2:
890 2673 924 2713 G
962 2673 1017 2712 Et
1047 2678 1187 2712 teneat
1214 2674 1317 2714 culti
1344 2675 1496 2727 iuyera
1525 2678 1691 2716 multa
1719 2678 1796 2716 soli

888 2741 990 2786 AV,
1094 2769 1124 2787 „
1237 2770 1266 2788 „
1395 2772 1425 2789 ,‚
1522 2754 1713 2792 mayna
1743 2774 1772 2791 „

69 2805 172 2844 satis
214 2815 428 2854 superque
471 2804 790 2854 disputaverunt
831 2805 1016 2855 Heynius
1057 2804 1397 2846 Wunderlichius
1415 2804 1450 2856 3)
1493 2807 1707 2846 Dissenius
1730 2806 1766 2857 4)
1810 2807 2051 2856 Muellerus,
2065 2807 2099 2858 5)
2150 2819 2256 2858 quos
2297 2809 2407 2849 inter

70 2880 220 2909 omnes
248 2872 414 2908 constat
443 2868 578 2906 multa
608 2879 754 2908 veram
783 2880 877 2909 esse
912 2871 1185 2920 scripturam,
1214 2871 1326 2920 quod
1355 2871 1406 2910 ad
1442 2872 1818 2911 demonstrandum
1847 2874 1947 2912 satis
1975 2874 2054 2913 erit
2082 2872 2188 2913 haec
2217 2874 2403 2914 attulisse
2475 2874 2503 2918 1,
2527 2875 2586 2919 1,2

71 2935 286 2985 exempla:

219 3127 233 3149 ¹

219 3130 248 3232 ’ζ
271 3127 381 3228 guig
404 3128 471 3223 ἓξ
496 3196 588 3224 cum
612 3186 706 3223 Fris.
732 3190 775 3223 et
798 3187 825 3222 F
851 3195 1080 3223 communes
1104 3187 1256 3224 habent
1279 3190 1512 3234 scripturas,
1536 3189 1586 3224 de
1605 3189 1656 3224 iis
1681 3189 1781 3225 infra
1807 3190 1972 3226 dicetur.

219 3244 250 3292 ’)
273 3246 322 3282 cf.
347 3246 673 3292 „observationes
697 3247 738 3282 in
763 3245 984 3282 Tibullum“
1009 3246 1172 3315 editioni
1197 3248 1375 3292 Heynio-
1356 3247 1752 3285 -Wunderlichianae
1777 3249 1952 3284 adnexas
1978 3259 2015 3294 p.
2038 3247 2063 3283 4
2087 3251 2127 3284 et
2151 3248 2183 3286 5.

219 3304 249 3350 ⁴)
273 3307 483 3342 comment.
509 3314 546 3349 p.
570 3304 605 3340 8.

219 3362 248 3408 ⁸)
271 3363 401 3399 annal.
425 3362 560 3408 philol.
585 3373 620 3399 a.
645 3361 751 3407 1869,
774 3374 814 3409 p.
840 3364 900 3400 66.
