2756 3770
1137 230 1403 268 -254

99 353 296 402 vidimus,
323 356 553 403 utrumque
572 352 690 391 dulci
719 356 762 392 et
789 351 927 390 dulcis
946 351 1044 391 ferri
1068 344 1223 402 potest,
1247 357 1388 393 tamen
1419 359 1484 393 aet
1511 354 1681 404 aliquid,
1702 356 1815 395 unde
1839 367 1930 396 rem
1953 356 2252 407 disceptemus.
2302 357 2437 404 Quae-

98 428 266 469 cunque
292 418 406 457 enim
433 416 558 457 huius
584 417 880 457 enuntiationis
914 427 1064 455 vocem
1098 415 1206 454 tibia
1234 422 1276 456 et
1304 418 1559 457 antecedunt
1595 424 1638 458 et
1673 424 1910 470 sequuntur
1945 421 2148 470 subiecta,
2180 421 2233 462 iis
2259 422 2436 472 singulis

94 483 262 535 singula
293 483 494 523 attlibuta
527 482 719 533 adposita
751 485 869 521 sunt:
904 480 1047 519 varii
1082 481 1207 531 flores
1235 504 1289 510 —
1315 482 1436 531 frons
1471 482 1730 522 redimita
1759 507 1808 513 -
1838 485 1984 524 lutea
2007 487 2131 536 palla
2159 509 2212 515 —
2243 485 2434 537 Tyriae

96 553 226 588 vectes
254 577 423 588 .....
453 548 579 587 levis
605 548 726 587 cista.
783 546 895 585 Num
922 547 1007 586 iam
1034 545 1337 596 dubitabimus,
1366 549 1468 597 quin
1498 547 1603 587 tibia
1631 561 1799 600 quoque
1833 562 1981 591 secum
2008 551 2163 592 habeat
2186 551 2434 603 epitheton?

92 614 242 665 Itaque
277 614 416 653 dulcis
448 618 496 654 ut
529 614 773 664 exquisitior
808 617 873 652 est
905 613 1132 663 scriptura,
1169 614 1229 653 ita
1264 615 1564 654 enuntiationis
1599 619 1835 654 structurae
1874 618 2008 667 magis
2042 619 2251 657 convenit.
2306 617 2433 656 Dulci

92 683 238 720 autem
262 679 422 720 idcirco
449 691 500 720 ex
529 680 778 731 coniectura
800 681 940 717 ortum
968 689 1064 717 esse
1092 683 1207 728 puto,
1237 680 1351 729 quod
1380 681 1600 720 consilium
1634 681 1824 720 mutandi
1858 682 1902 721 in
1937 683 2157 732 propatulo
2193 686 2269 723 est.
2324 683 2431 723 Cum

90 746 207 787 onim
241 744 441 786 subtilem
474 745 593 784 illum
625 755 750 784 usum
784 744 972 794 dicendi,
1008 744 1062 784 de
1096 756 1181 795 quo
1219 746 1420 795 diximus,
1463 758 1546 786 non
1587 746 1691 785 satis
1725 747 1984 796 perspiceret
2018 747 2232 796 librarius,
2260 759 2359 788 eum
2386 748 2432 788 in

89 811 310 861 vulgarem
337 810 464 850 vertit
490 820 746 850 sermonem.

111 862 116 870 ’
231 874 350 915 Idem
377 875 536 915 factum
564 879 628 914 est
657 874 711 914 de
739 875 853 925 Sulp.
882 880 925 915 et
953 876 1044 915 Cer.
1075 887 1158 915 am.
1185 877 1296 926 220,
1326 877 1398 917 ubi
1426 882 1539 917 extat
1566 879 1610 917 in

734 940 838 980 AVF
868 939 991 979 Caste
1014 953 1140 991 puer,
1170 945 1284 979 casta
1313 943 1423 980 retia
1453 946 1609 992 tanye
1635 954 1786 981 manu.

760 1004 796 1044 G
905 1036 935 1056 γ’
1046 1037 1077 1055 n
1206 1037 1236 1054 n
1349 1038 1377 1056 υ
1453 1006 1607 1046 tende
1679 1037 1690 1055 v

85 1071 238 1121 Atque*
253 1071 439 1123 primum
466 1075 595 1120 tanqe
622 1070 900 1110 confirmatur
926 1071 1071 1122 fragm.
1110 1072 1323 1111 Cuiaciani
1356 1073 1607 1112 testimonio.
1672 1072 1831 1111 Deinde
1865 1071 1947 1111 hoc
1983 1084 2152 1123 quoque
2180 1074 2273 1113 loco
2301 1074 2423 1114 codd.

83 1135 158 1176 Av-
184 1136 308 1176 lectio
334 1136 522 1188 pulcrior
555 1139 623 1175 est
658 1140 787 1186 atque
821 1137 1076 1186 exquisitior.
1140 1137 1391 1176 Rectissime
1428 1138 1541 1176 enim
1575 1137 1675 1176 dicit
1710 1136 1900 1176 Vossius:
1914 1136 1948 1187 1)
1984 1142 2136 1188 „tange
2171 1140 2336 1179 stimmt
2370 1151 2424 1179 zu

83 1199 185 1254 §lem
209 1201 455 1242 feierlichen
482 1201 612 1249 Tone,
640 1201 725 1240 den
753 1200 821 1240 die
849 1200 1120 1242 Scbalkhafte
1148 1203 1375 1241 annimmt:
1410 1203 1493 1242 Der
1518 1203 1717 1253 Jnngling
1744 1203 1823 1241 soll
1852 1193 2027 1242 dieder
2054 1203 2272 1243 keuschen
2294 1204 2422 1243 Diana

82 1263 267 1317 heiligen
292 1266 424 1306 Netze
449 1265 567 1306 nicht
593 1265 746 1305 anders
773 1266 837 1305 als
863 1267 941 1305 mit
966 1266 1178 1306 keuscher
1209 1267 1327 1306 Hand
1363 1267 1589 1307 anri'ihren.
1646 1268 1724 1307 Die
1757 1268 1878 1307 Glos
1889 1279 1944 1307 se
1979 1265 2035 1307 ist
2069 1269 2146 1308 das
2181 1270 2421 1319 gemeine

83 1330 222 1372 tende.
278 1332 342 1372 Ac
367 1342 423 1370 ne
451 1331 638 1381 Heynius
650 1329 687 1380 2)
715 1331 899 1380 quidem,
927 1332 998 1382 qui
1025 1333 1069 1371 in
1095 1336 1224 1382 tanqe
1251 1333 1437 1381 offendit,
1465 1334 1590 1383 „quia
1617 1334 1723 1372 retia
1758 1333 1873 1372 nulla
1905 1343 1975 1372 res
2009 1345 2131 1373 sacra
2165 1335 2262 1382 sint,
2291 1346 2419 1385 quam

84 1397 215 1436 castis
242 1401 286 1436 et
317 1396 435 1447 puris
466 1395 661 1435 manibus
696 1395 903 1446 attingere
937 1396 1001 1436 fas
1028 1398 1121 1446 sit,“
1150 1408 1305 1448 negare
1341 1402 1479 1447 potest
1512 1397 1671 1437 habere
1700 1402 1889 1447 tanyere,
1921 1399 2033 1448 quod
2054 1399 2230 1449 placeat,
2250 1400 2419 1440 dicens:

79 1470 208 1510 „cum
233 1465 400 1502 castum
436 1472 532 1501 aese
565 1461 667 1501 velit
693 1472 884 1511 puerum‚
913 1462 1054 1506 dicere
1088 1463 1238 1512 potuit:
1275 1474 1391 1502 more
1432 1464 1564 1513 ipsius
1598 1462 1704 1502 deae
1731 1467 1873 1502 castus
1901 1474 2074 1502 maneas
2081 1475 2093 1513 ;
2128 1468 2172 1503 et
2205 1476 2280 1514 pro
2314 1464 2414 1505 hoc:

81 1530 226 1566 castus
249 1529 379 1576 tange
403 1529 541 1565 tracta
567 1527 712 1566 retia.“
768 1526 887 1566 Hanc
915 1531 1058 1566 autem
1086 1528 1179 1566 voci
1209 1531 1394 1577 tanyunt
1421 1528 1592 1566 infixam
1613 1529 1698 1567 vim
1718 1528 2037 1568 subtilissimam
2055 1539 2140 1568 non
2159 1531 2418 1580 perspiciens

77 1589 352 1640 interpolator
378 1591 596 1641 vulgarem
623 1592 738 1630 illam
766 1591 1048 1631 elocutionem
1075 1593 1338 1631 tritissimam
1366 1593 1476 1631 retia
1506 1593 1677 1631 tendere
1689 1591 1724 1642 3)
1752 1594 1984 1643 supposuit.
1996 1592 2033 1644 ⁴)

218 1656 350 1696 Porro
375 1660 493 1695 recte
520 1656 678 1695 iudicat
704 1656 986 1707 Rossbergius
999 1655 1034 1707 ⁵)
1063 1657 1117 1696 de
1145 1657 1439 1707 discrepantia,
1468 1669 1578 1708 quae
1606 1662 1720 1697 extat
1747 1658 1797 1704 Π,
1826 1658 1897 1707 3,8

667 1732 740 1773 AV
767 1728 879 1771 Du'm
907 1732 1102 1783 subiyunt
1128 1733 1290 1772 steriles
1317 1746 1423 1772 arva
1450 1735 1669 1773 serenda
1695 1734 1811 1774 boves

674 1797 710 1836 G
817 1828 842 1846 ‚.
998 1829 1022 1847 ‚‚
1186 1830 1210 1848 „
1353 1830 1377 1848 „
1448 1800 1662 1838 colenda

73 1873 148 1914 ubi
173 1874 356 1914 serenda
382 1886 479 1914 eam
506 1874 561 1914 ob
588 1885 763 1914 causam
790 1880 937 1915 censet
965 1876 1304 1926 praeferendum,
1333 1879 1431 1927 quia
1459 1878 1581 1916 latius
1610 1881 1751 1927 pateat
1779 1881 1821 1916 et
1839 1877 1882 1916 id
1911 1878 2050 1927 ipsum
2077 1878 2296 1927 significet,
2326 1891 2411 1929 quo

74 1939 195 1980 labor
219 1940 423 1980 intendat.
482 1939 628 1978 Colere
664 1951 770 1978 arva
805 1945 871 1980 est
905 1941 1087 1980 elocutio
1122 1942 1307 1992 vulgaris
1341 1942 1395 1981 ab
1431 1943 1731 1992 interpolatore
1764 1942 1955 1992 profecta
1989 1942 2058 1992 (cf.
2095 1943 2182 1982 Tib.
2219 1944 2248 1991 I,
2277 1944 2415 1992 10,45;

73 2005 106 2054 I,
132 2004 256 2055 531).
311 2006 359 2045 In
391 2006 635 2045 universum
669 2006 796 2056 igitur
831 2006 1091 2046 monendum
1130 2013 1207 2056 est,
1241 2009 1441 2058 quoniam
1476 2013 1519 2047 et
1555 2007 1636 2047 hoc
1671 2012 1713 2046 et
1749 2008 1887 2057 priore
1924 2008 2017 2046 loco
2046 2009 2180 2047 altera
2207 2009 2332 2048 lectio
2362 2022 2414 2049 ex

74 2071 207 2110 altera
232 2071 302 2109 vix
330 2082 407 2120 per
432 2071 741 2121 neglegentiam
767 2074 859 2110 orta
886 2082 984 2111 esse
1011 2077 1162 2122 potest,
1198 2074 1329 2112 multo
1365 2074 1527 2112 facilius
1562 2084 1689 2123 posse
1724 2072 1926 2121 intellegi,
1963 2073 2175 2121 quomodo
2216 2076 2309 2124 quis
2338 2086 2413 2124 pro

75 2138 204 2184 tanqe
231 2135 367 2184 tende,
395 2147 471 2186 pro
499 2135 680 2174 serenda
707 2136 882 2175 colenda
911 2137 1139 2187 scripserit,
1168 2149 1296 2188 quam
1324 2143 1453 2188 tanye
1481 2143 1523 2177 et
1551 2137 1732 2176 serenda
1760 2148 1837 2187 pro
1866 2137 1990 2175 tende
2016 2142 2058 2176 et
2076 2138 2270 2178 colenda.

215 2199 376 2240 Dehinc
403 2202 692 2251 progredimur
719 2202 773 2241 ad
801 2202 1126 2252 discrepantiam
1155 2204 1487 2251 examinandam,
1516 2214 1626 2252 quae
1654 2206 1767 2241 extat
2315 2206 2320 2211 “

703 2278 744 2334 νΙ,
772 2279 864 2327 4‚33
891 2279 962 2318 AV
988 2280 1092 2320 Fris.
1126 2280 1224 2318 Vidi
1253 2281 1345 2319 iam
1374 2282 1569 2318 iuvenem
1601 2309 1767 2318 .....

903 2343 939 2383 G
1127 2344 1223 2383 Vidi
1244 2357 1330 2395 eqo
1350 2346 1440 2383 iam
1483 2376 1506 2393 „

38 2458 41 2461 Α
77 2419 217 2469 Atque
243 2430 475 2459 consensus
501 2420 838 2460 testimoniorum
866 2421 991 2461 codd.
1012 2423 1084 2461 AV
1102 2426 1145 2462 et
1173 2427 1358 2472 excerpt.
1381 2424 1553 2472 Frising.
1574 2421 1742 2460 abunde
1763 2421 1889 2460 docet
1906 2420 1998 2459 vidi
2018 2421 2110 2458 iam
2130 2422 2409 2471 antiquiorem

77 2494 176 2524 esse
201 2482 440 2533 lectionem,
467 2485 548 2524 nisi
574 2485 683 2525 forte
710 2486 763 2524 ad
791 2497 886 2525 eam
913 2486 1134 2527 descendit
1162 2489 1387 2538 quisquam
1416 2488 1666 2538 opinionem,
1685 2491 1731 2525 ut
1758 2487 1802 2525 in
1830 2486 2019 2535 utrisque
2046 2485 2161 2524 libris
2180 2487 2304 2526 simul
2333 2499 2407 2537 eqo

76 2559 155 2599 per
179 2549 488 2600 neglegentiam
513 2551 717 2590 omissum
744 2562 840 2591 aese
868 2556 1055 2592 censeat.
1112 2552 1197 2592 Sed
1224 2557 1270 2592 ut
1298 2553 1379 2592 hoc
1398 2553 1579 2602 permiro
1598 2551 1821 2590 accidisset
1849 2562 1963 2599 casu,
1992 2551 2050 2590 ita
2069 2551 2264 2590 facillime
2292 2552 2432 2591 intel-'

76 2613 160 2664 legi
186 2617 339 2664 potest,
359 2616 570 2665 quomodo
600 2628 673 2665 eyo
698 2627 776 2666 per
803 2618 1148 2668 interpolatorem
1180 2618 1344 2658 illatum
1375 2622 1452 2657 est.
1499 2616 1552 2655 Ut
1586 2617 1699 2655 enim
1732 2620 1897 2655 taceam
1925 2626 2074 2655 versus
2100 2616 2131 2664 I,
2158 2616 2317 2664 2,91.92
2344 2615 2411 2656 his

73 2679 311 2719 simillimos
647 2679 764 2719 Vidi
791 2694 900 2732 eqo,
932 2682 1006 2732 qui
1033 2683 1235 2722 iuvenum
1262 2683 1434 2722 miseros
1465 2683 1628 2720 lusisset
1656 2693 1818 2719 amores

639 2745 742 2784 Post
774 2745 943 2786 Veneris
970 2747 1119 2787 vinclis
1148 2748 1297 2787 abdere
1323 2749 1431 2787 colla
1457 2759 1597 2786 senem

74 2809 230 2850 librarii
256 2821 335 2849 seu
361 2810 501 2850 animo
528 2821 605 2850 seu
631 2812 764 2851 oculis
789 2812 968 2852 fortasse
995 2813 1242 2853 obversatos
1270 2825 1379 2862 esse,
1407 2813 1498 2851 vidi
1528 2825 1601 2862 eqo
1629 2812 1672 2850 in
1701 2811 1817 2850 initio
1845 2822 1998 2850 versus
2018 2812 2201 2860 positum
2227 2815 2315 2850 tam
2343 2815 2409 2850 eet

73 2875 196 2914 tritus
223 2885 326 2914 usus
354 2875 520 2915 dicendi
548 2880 676 2926 atque
703 2888 839 2926 paene
866 2878 918 2916 ad
946 2878 1170 2918 formulam
1198 2878 1407 2926 redactus,
1436 2882 1482 2917 ut
1512 2889 1586 2926 eqo
1614 2876 1808 2916 hocloco
1837 2877 1890 2915 ad
1909 2876 2192 2926 supplendum
2209 2876 2408 2915 facillime

222 3086 253 3132 ι)
276 3087 303 3123 1.
325 3088 352 3124 1.
376 3097 413 3133 p.
438 3087 520 3123 397.

418 3174 426 3181 .
480 3175 488 3182 .
510 3146 533 3181 3
583 3175 592 3182 .

219 3145 251 3251 z›)
272 3147 581 3252 glxjtssnrglapsug?
597 3211 789 3243 sexcenta
813 3209 861 3244 cf,
888 3207 997 3245 Ovid.
1014 3208 1169 3244 Heroid.
1193 3207 1293 3253 5,19;
1319 3206 1445 3252 19,46;
1473 3208 1600 3243 Amor.
1619 3205 1647 3251 1,
1671 3204 1772 3250 8‚69;
1799 3206 1879 3241 Art.
1905 3214 1979 3240 arn.
2004 3204 2035 3249 1,
2053 3205 2117 3250 453
2137 3205 2297 3241 Remed.
2314 3203 2403 3250 2023

74 3263 232 3300 Metam.
257 3264 321 3309 IV,
346 3265 436 3305 5122
462 3265 545 3310 VII,
569 3265 659 3311 701;
685 3265 785 3311 VIII,
808 3266 875 3302 331
904 3270 980 3303 etc.

221 3323 251 3368 ⁴)
274 3323 419 3360 Eadem
444 3326 597 3361 ratione
620 3329 751 3361 ortum
776 3326 933 3362 videtur
957 3326 1068 3370 Prop.
1093 3323 1156 3371 IV,
1182 3324 1262 3370 7,37
1288 3327 1393 3360 tend
1402 3328 1485 3359 isti
1511 3328 1606 3359 retia
1632 3333 1704 3368 pro
1729 3326 1905 3358 nexisti
1929 3323 1976 3358 cf.
2002 3321 2309 3358 Lachmannum.

219 3382 251 3427 ⁵)
272 3393 311 3428 p.
336 3383 394 3419 76.
2238 3440 2263 3475 4

2500 883 2551 918 de
2560 882 2665 928 Sulp.
2673 888 2715 920 et

2498 928 2581 965 Cer.
2589 940 2624 966 a.
2631 930 2716 977 220

2490 1661 2538 1708 Π,
2561 1662 2621 1709 3ss

2484 2274 2513 2320 1,
2537 2276 2622 2321 433
