2756 3770
25 697 270 734 Deversibus

47 746 76 788 Ι,
100 744 242 788 4,33.34

1350 198 1614 239 —26-

309 330 521 365 corrector
549 325 730 374 potuerit
759 323 950 371 excitari3
981 334 1032 362 ex
1060 324 1284 372 sexcentis,
1315 334 1423 373 quae
1452 327 1607 371 extant,
1637 323 1840 373 exemplis
1869 321 1974 361 haec
2003 321 2196 362 attulisse
2222 324 2424 364 sufficiat:
2464 325 2656 374 propert.

307 392 338 439 I,
366 391 502 439 14,15;
531 390 576 438 V,
603 388 781 437 5‚59.65;
810 388 855 436 V,
884 388 978 436 2,53
1007 388 1076 439 (cf.
1106 389 1151 437 V,
1182 388 1272 433 1‚89
1301 388 1398 426 dioei
1427 389 1541 439 e90)3
1582 388 1700 428 Ovid.
1730 388 1820 427 Am.
1855 387 1904 436 ΙΙ,
1939 387 2051 437 2,47;
2089 388 2138 436 ΙΙ,
2172 388 2311 438 12,25;
2339 389 2408 438 ΙΠ,
2433 389 2540 439 4,13,
2566 389 2654 428 Art.

309 467 387 494 am.
410 455 477 502 ΙΙΙ,
495 454 591 501 487;
609 452 784 492 Remed.
807 453 903 501 1013
924 453 1046 492 Trist.
1066 453 1111 502 V,
1131 453 1234 502 8,11.
1266 453 1354 491 Hac
1374 457 1514 492 autem
1537 463 1588 492 ex
1608 453 1816 492 constanti
1834 452 2139 492 consuetudine
2159 452 2327 492 dicendi
2343 464 2484 494 nonne
2512 457 2658 504 patere

307 519 473 557 videtur
492 517 701 556 Tibullum
729 518 868 567 ipsum
897 517 988 555 vidi
1018 530 1091 568 eqo
1112 517 1364 568 scripsisse?
1392 529 1477 556 non
1505 517 1630 567 igitur
1650 517 1870 557 offensioni
1889 528 1984 557 esse
2014 517 2151 565 debet,
2181 517 2294 568 quod
2323 517 2366 557 in
2394 528 2448 557 ea
2463 518 2655 567 lectione,

308 595 434 633 quam
470 583 750 631 antiquiorem
785 593 882 621 esse
916 582 1206 631 iudicavimus,
1243 595 1316 633 690
1351 583 1454 622 illud
1498 582 1647 622 deest‘?
1684 582 1819 629 Quam
1853 583 1905 621 ad
1942 593 2032 622 rem
2076 581 2382 622 enucleandam
2418 594 2569 622 versus
2602 583 2657 623 33

308 652 351 687 et
382 649 435 688 34
464 651 628 697 oportet
657 648 892 686 accuratius
921 659 1262 698 percenseamus
2544 682 2546 684 .

449 713 587 762 Atque
615 712 699 750 iam
730 712 890 751 dudum
918 714 1172 770 vocabulum
1204 714 1293 751 iam
1321 713 1423 752 viris
1452 713 1588 752 doctis
1608 713 1855 762 scrupulum
1882 713 2034 752 iniecit.
2049 712 2082 763 1)
2129 713 2277 763 Vulpio
2306 714 2420 753 enim
2439 713 2530 751 iam
2559 724 2658 752 cum

306 780 502 816 iuvenem
532 777 799 827 coniungenti
830 782 871 816 et
900 779 1189 827 interpretanti
1225 782 1366 827 antea,
1407 778 1528 816 modo
1568 779 1761 816 iuvenem
1791 782 1908 817 recte
1928 779 2176 818 contradicit
2194 776 2537 819 Wunderlichius
2564 778 2657 817 iam

306 843 499 880 iuvenem
528 854 614 881 non
643 843 722 881 nisi
752 843 1026 892 appositionis
1054 843 1148 882 loco
1176 843 1260 882 dici
1285 855 1430 893 posse;
1466 844 1642 882 latinum
1679 854 1795 882 esse:
1830 844 1918 884 vidi
1947 844 2174 883 Caesarem
2210 844 2295 884 iam
2323 844 2542 892 iuvenem,
2571 854 2656 883 non

306 919 427 947 vero:
449 908 536 947 vidi
554 909 638 946 iam
656 909 873 955 iuvenem;
895 908 1047 946 deinde
1068 912 1210 947 autem
1241 907 1330 946 iam
1356 919 1432 958 pro
1463 913 1603 957 antea,
1633 908 1757 946 modo
1787 913 2036 958 usurpatum
2065 920 2161 948 esse
2189 910 2395 959 exemplis
2422 920 2508 948 non
2528 920 2656 959 posse

307 973 601 1012 demonstrari.
645 972 742 1030 Iam
762 977 903 1012 autem
925 985 1021 1012 cum
1042 973 1133 1011 vidi
1154 974 1426 1013 coniunctum
1446 985 1530 1012 non
1551 974 1772 1024 perspicio,
1793 985 1921 1024 quem
1941 978 2086 1024 aptum
2104 973 2203 1014 huic
2223 975 2317 1014 loco
2346 973 2543 1014 exhibeat
2560 985 2659 1014 sen-

306 1050 413 1087 sum,
435 1043 476 1078 et
495 1042 610 1077 recte
626 1037 726 1077 dicit
745 1038 999 1078 Ritschelius
1010 1037 1046 1088 2)
1067 1039 1157 1076 iam
1185 1040 1502 1079 intolerabiliter
1532 1050 1629 1079 esse
1655 1039 1911 1089 languidum.
1953 1040 2068 1078 Bene
2087 1050 2191 1079 sane
2210 1050 2278 1079 res
2298 1050 2394 1079 sese
2413 1039 2604 1090 haberet,
2621 1040 2658 1080 si

307 1115 404 1143 cum
440 1103 671 1145 Ritschelio
699 1105 956 1144 scriberetur
984 1104 1100 1151 olim,
1130 1115 1389 1154 quamquam
1407 1103 1520 1143 haud
1539 1105 1597 1143 ita
1616 1104 1737 1143 facile
1756 1104 1889 1153 possit
1909 1104 2119 1153 explicari,
2131 1104 2350 1154 quomodo
2370 1105 2474 1144 olim
2501 1107 2546 1145 in
2565 1106 2657 1144 iam

306 1169 466 1208 abierit.
514 1170 644 1209 Porro
678 1171 721 1210 in
756 1169 1042 1209 enuntiatione
1073 1172 1287 1219 premeret
1306 1181 1403 1207 cum
1423 1169 1558 1208 serior
1587 1174 1704 1208 aetas
1725 1170 1937 1208 obiectum
1957 1169 2231 1218 desideratur,
2251 1180 2335 1219 quo
2364 1172 2522 1211 omisso
2549 1170 2658 1212 haec

306 1235 448 1284 verba,
476 1235 511 1274 si
532 1235 850 1285 grammaticam
878 1246 969 1273 rem
998 1239 1252 1285 spectamus,
1283 1246 1369 1275 non
1396 1234 1566 1285 habent,
1596 1247 1679 1286 quo
1708 1235 1965 1284 referantur3
1994 1235 2136 1285 itaque
2164 1236 2350 1286 Heynius
2370 1237 2657 1277 coniecturam

307 1300 519 1350 quandam
539 1300 682 1339 laudat
706 1303 919 1350 premeret
948 1311 1102 1350 quem.
1146 1300 1214 1340 Sic
1234 1305 1374 1340 autem
1392 1302 1426 1339 si
1456 1301 1706 1350 scribamus,
1724 1304 1841 1340 recte
1871 1300 1971 1339 dicit
1991 1299 2331 1341 Wunderlichius
2358 1300 2510 1341 modus
2538 1301 2658 1341 verbi

301 1369 514 1415 premeret
538 1376 622 1404 non
642 1376 737 1404 esse
763 1365 876 1404 unde
895 1365 1089 1415 pendeat.
1119 1365 1256 1404 Verba
1276 1370 1418 1405 autem
1437 1377 1604 1415 urqere,
1623 1376 1826 1415 premere,
1850 1365 2013 1403 instare
2033 1366 2189 1404 omisso
2209 1376 2324 1414 casu,
2345 1376 2473 1416 quem
2490 1370 2658 1418 regunt,

307 1431 514 1480 exquisite
537 1431 636 1480 poni
663 1431 827 1478 nescio,
848 1430 961 1469 unde
984 1430 1326 1471 Wunderlichius
1348 1431 1515 1480 habeat,
1542 1432 1741 1481 quoniam
1761 1441 1902 1480 neque
1926 1431 2019 1480 ipse
2038 1429 2162 1470 huius
2180 1442 2283 1470 usus
2303 1431 2443 1471 attulit
2462 1433 2656 1483 exempla

308 1507 447 1546 neque
475 1495 576 1535 mihi
602 1497 700 1535 talia
727 1497 899 1546 contigit
926 1496 1128 1535 invenire.
1185 1496 1286 1545 Iam,
1306 1497 1419 1546 quod
1438 1497 1491 1536 ad
1511 1507 1685 1536 sensum
1705 1496 1871 1544 attinet,
1889 1495 2108 1535 audiamus
2124 1495 2363 1535 Dissenium
2377 1494 2412 1544 3)
2453 1497 2658 1547 interpre-

306 1565 486 1600 tantem:
517 1562 740 1610 „iuvenem
769 1560 808 1599 h.
840 1561 863 1599 l.
894 1561 1113 1611 intelleges
1141 1550 1297 1600 in'fine
1328 1563 1556 1601 iuventutis
1586 1563 1876 1610 constitutum,
1914 1565 1961 1601 ut
1990 1561 2145 1601 docent
2181 1561 2348 1601 adiecta
2373 1561 2523 1602 verba:
2551 1574 2656 1613 pre-

307 1631 437 1665 meret
458 1638 553 1664 cum
582 1627 717 1665 serior
746 1631 862 1664 aetas
891 1626 931 1665 h.
952 1638 988 1665 e.
1010 1628 1242 1666 instaret.
1299 1627 1486 1666 Pertinet
1525 1630 1669 1666 autem
1705 1638 1756 1666 ex
1793 1638 1871 1666 usu
1908 1627 2112 1676 Romano,
2147 1631 2194 1666 ut
2230 1630 2409 1676 constat,
2445 1627 2658 1668 iuniorum

308 1696 424 1732 aetas
454 1703 589 1742 usque
619 1692 671 1730 ad
700 1693 1012 1742 sexagesimum
1049 1695 1216 1731 sextum
1252 1704 1430 1741 annum,
1470 1693 1601 1731 unde
1638 1694 1807 1732 serior
1842 1697 1989 1732 aetas
2024 1693 2302 1742 sequitur.“
2365 1693 2480 1732 Haec
2517 1694 2658 1734 omnia

309 1759 466 1808 optime
503 1769 599 1797 sese
635 1757 852 1805 haberent,
894 1757 1123 1796 dummodo
1159 1757 1374 1796 Dissenius
1419 1759 1622 1808 exemplis
1664 1757 1814 1799 adlatis
1848 1759 1970 1798 nobis
2007 1758 2286 1808 persuasisset
2314 1769 2509 1808 premere
2543 1758 2657 1799 idem

248 1848 252 1858 .
307 1823 544 1873 significare
573 1823 687 1873 quod
716 1823 891 1862 instare.
947 1823 1082 1861 Immo
1111 1833 1227 1870 vero,
1256 1823 1292 1862 si
1321 1834 1449 1872 quem
1477 1824 1657 1873 premit
1691 1828 1911 1873 senectus,
1947 1828 2037 1864 tum
2071 1835 2155 1863 non
2193 1824 2372 1872 instat,
2402 1823 2479 1864 sed
2508 1835 2658 1865 revera

306 1889 456 1928 adest
484 1890 553 1941 (cf.
580 1901 619 1927 v.
648 1889 696 1929 31
730 1888 930 1939 infirmae
958 1900 1144 1926 venere
1173 1888 1245 1926 ubi
1275 1888 1368 1938 fata
1398 1889 1664 1938 senectae),
1694 1892 1737 1928 et
1766 1889 1935 1928 omnino
1964 1889 2185 1928 notissima
2213 1892 2277 1928 est
2303 1889 2539 1939 translatio,
2576 1900 2660 1942 qua

306 1958 506 1994 senectus
536 1965 633 1993 cum
661 1964 790 1993 onere
819 1954 933 2003 gravi
964 1957 1243 2003 comparatur.
1302 1954 1389 1993 Iam
1418 1958 1572 2003 autem,
1602 1965 1771 2004 quaer0,
1801 1955 1871 2005 qui
1899 1954 2073 1994 tandem
2108 1955 2201 1994 fieri
2235 1958 2389 2005 potest,
2417 1959 2463 1994 ut
2494 1955 2659 1995 iuvenis

308 2020 344 2059 is
372 2021 627 2068 nominetur,
665 2030 793 2069 quem
830 2019 968 2057 serior
1003 2023 1119 2056 aetas
1150 2018 1192 2070 (i.
1222 2029 1257 2058 e.
1288 2019 1511 2069 senectus)
1542 2019 1735 2068 premat‘?
1770 2019 2049 2070 Perspicuum
2085 2019 2258 2069 quidem
2293 2023 2375 2068 est,
2410 2021 2660 2070 praesertim

310 2096 409 2125 cum
436 2096 588 2124 versus
624 2085 653 2134 Ι,
691 2085 728 2132 2,
763 2084 883 2124 91.92
919 2085 963 2123 in
1000 2085 1360 2134 comparationem
1396 2096 1615 2134 vocemus,
1650 2088 1787 2124 totum
1823 2084 2031 2124 distichon
2065 2084 2178 2124 hunc
2215 2095 2388 2124 sensum
2425 2086 2660 2136 exprimere

310 2151 441 2190 velle:
472 2151 604 2198 Quem
636 2151 735 2189 olim
763 2150 1006 2188 iuvenem
1035 2149 1121 2188 vidi
1150 2154 1490 2200 contemptorem
1511 2151 1677 2198 amoris,
1700 2150 1883 2190 eundem
1902 2151 1988 2190 vidi
2017 2161 2189 2191 senem
2216 2153 2479 2190 maerentem
2508 2161 2543 2190 e.
2565 2161 2604 2200 q.
2624 2162 2658 2190 s.

312 2218 436 2256 Hunc
463 2221 606 2256 autem
635 2227 810 2256 sensum
839 2215 1185 2266 quandoquidem
1213 2228 1280 2256 νν.
1309 2217 1362 2257 33
1393 2221 1435 2256 et
1462 2217 1516 2257 34
1541 2220 1631 2256 tam
1664 2216 1891 2256 inconditis
1928 2216 2143 2256 declarant
2171 2214 2312 2254 verbis
2346 2226 2487 2266 neque
2515 2219 2662 2255 carent

313 2283 617 2322 offensionibus
646 2282 699 2321 ad
735 2293 979 2321 sermonem
1014 2282 1343 2332 pertinentibus,
1380 2286 1518 2322 totum
1553 2280 1762 2321 distichon
1797 2281 2035 2331 profectum
2069 2280 2171 2320 mihi
2205 2280 2372 2320 videtur
2406 2291 2458 2320 ex
2493 2281 2661 2320 officina

312 2348 623 2398 interpolatoris
653 2347 887 2396 cuiusdam,
917 2348 987 2397 qui
1016 2346 1097 2387 hoc
1126 2348 1219 2387 loco
1248 2358 1398 2387 versus
1428 2348 1520 2387 illos
1547 2347 1578 2396 Ι,
1607 2348 1645 2396 2,
1665 2347 1784 2387 9192
1813 2347 2060 2387 recordatus
2079 2346 2177 2386 huic
2196 2347 2505 2386 sententiarum
2534 2346 2661 2386 nexui

313 2413 540 2452 immiscuit
569 2417 696 2463 atque
726 2412 1031 2452 accomodavit.
1082 2412 1270 2462 Accedit,
1291 2412 1404 2462 quod
1424 2413 1526 2452 illud
1547 2411 1758 2453 distichon
1778 2423 1862 2452 non
1882 2413 2019 2452 solum
2038 2412 2237 2453 facillime
2256 2416 2397 2463 potest
2416 2407 2659 2460 desiderari,

315 2477 391 2516 sed
419 2478 546 2518 etiam
581 2478 888 2517 sententiarum
918 2488 1075 2517 nexum
1109 2477 1252 2517 turbat
1286 2481 1413 2528 atque
1447 2478 1728 2529 interrumpit.
1790 2476 1965 2528 Priapus
2002 2478 2114 2517 enim
2151 2476 2400 2526 adhortans,
2436 2480 2484 2516 ut
2518 2479 2659 2516 aetate

313 2544 480 2583 florenti
510 2543 641 2583 amori
669 2543 948 2593 indulgeatur,
977 2543 1167 2582 omnium
1195 2553 1338 2583 rerum
1366 2544 1742 2584 commutationem
1770 2543 1974 2593 exemplis
2010 2543 2209 2591 illustrat,
2239 2552 2324 2592 qua
2355 2542 2400 2581 in
2435 2552 2482 2582 re
2515 2543 2659 2580 certus

315 2609 416 2648 ordo
446 2609 645 2648 orationis
674 2611 803 2658 atque
830 2619 1080 2659 progressus
1109 2609 1178 2647 vix
1207 2619 1467 2658 quemquam
1495 2609 1650 2659 poterit
1668 2608 1867 2660 effugere.
1915 2608 1976 2647 Ac
2005 2607 2188 2658 primum
2217 2606 2388 2657 quidem
2417 2605 2658 2658 exemplum

316 2675 401 2723 (vv.
431 2673 568 2723 2930)
598 2685 650 2713 ex
684 2678 835 2713 natura
867 2675 1070 2722 inanima,
1107 2685 1159 2713 ex
1195 2674 1445 2713 animalibus
1480 2675 1661 2713 alterum
1689 2674 1776 2724 (vv.
1806 2673 1943 2721 3132)
1972 2674 2088 2724 petit,
2117 2677 2209 2712 tum
2237 2670 2322 2724 (VV.
2349 2671 2487 2723 3536)
2516 2681 2542 2710 a
2569 2679 2657 2711 ser-

316 2742 455 2789 pente,
491 2739 559 2778 cui
593 2739 789 2778 crudeles
830 2738 915 2777 divi
951 2749 1084 2777 annos
1129 2749 1284 2778 exuere
1330 2739 1620 2789 permiserint,
1657 2739 1921 2790 aptissimum
1956 2739 2056 2778 facit
2088 2739 2317 2778 transitum
2351 2737 2406 2776 ad
2433 2737 2567 2777 form
2579 2747 2657 2776 am

315 2801 594 2852 humanam,
624 2804 694 2841 cui
723 2816 810 2841 non
839 2801 1020 2854 ullam4)
1050 2803 1143 2853 fata
1173 2803 1327 2842 dedere
1355 2815 1531 2843 moram.
1578 2805 1768 2854 Denique
1795 2806 1910 2856 ipsos
1931 2805 1985 2844 ad
2003 2805 2126 2844 deos
2145 2804 2422 2855 progreditur,
2442 2800 2658 2843 Bacchum

316 2871 357 2907 et
392 2867 631 2918 Phoebum,
667 2869 820 2918 quibus
857 2869 982 2907 solis
1023 2873 1200 2907 aeterna
1234 2873 1294 2907 est
1322 2900 1331 2908 .
1362 2900 1370 2907 .
1402 2899 1410 2907 .
1447 2869 1637 2922 iuventa.
1703 2869 1821 2908 Hanc
1862 2872 2006 2909 autem
2045 2869 2282 2909 ordinatam
2317 2867 2658 2919 progressionem

315 2937 443 2983 atque
471 2924 759 2984 gradationem
788 2946 813 2973 a
841 2935 1004 2974 minore
1032 2935 1187 2974 factam
1216 2934 1269 2973 ad
1296 2935 1432 2973 maius
1459 2945 1609 2973 versus
1637 2934 1730 2973 illos
1757 2934 2057 2974 molestissime
2086 2933 2229 2974 delere
2256 2934 2300 2972 in
2327 2933 2546 2984 propatulo
2576 2937 2654 2972 est.

463 3178 490 3222 ¹)
515 3179 563 3214 cf.
589 3176 950 3223 Heyne-Wunderl.
976 3178 1132 3214 observ.
1158 3186 1195 3221 p.
1221 3176 1278 3213 92.

463 3237 491 3282 2)
516 3238 564 3273 cf.
590 3246 726 3282 opusc.
753 3236 814 3280 III,
841 3247 878 3281 p.
904 3236 985 3272 632.

462 3296 490 3340 ³)
516 3300 723 3333 comment.
749 3306 788 3341 p.
816 3295 873 3331 96.

462 3358 490 3402 ⁴)
516 3359 694 3403 ineptam
722 3368 814 3395 esse
841 3370 919 3393 non
945 3360 1048 3393 illam
1075 3357 1288 3394 lectionem
1313 3358 1411 3402 (AV)
1437 3358 1540 3393 bene
1566 3358 1812 3393 demonstrat
1837 3356 2003 3393 Vossius
2027 3367 2064 3402 p.
2089 3354 2170 3392 194.
