2756 3770
1127 254 1395 293 -31—

230 379 583 421 Baehrensius
611 379 740 419 falsus
769 381 846 426 est,
875 377 990 427 quod
1019 376 1211 417 codicem
1241 375 1276 415 G
1304 377 1675 427 interpolationum
1709 381 1926 428 expertem
1956 388 2053 417 esse
2082 382 2123 417 et
2152 379 2433 430 principatum

88 449 235 486 tenete
286 444 462 493 iudicat,
514 444 683 484 codices
723 443 796 483 AV
838 454 914 493 per
967 443 1313 493 interpolationes
1368 446 1587 492 corruptos
1641 446 1807 491 censet,
1841 443 1899 482 ita
1949 446 1995 482 ut
2047 443 2174 482 etiam
2225 445 2276 484 iis
2329 445 2435 484 locis

88 509 280 550 codicem
308 508 344 548 G
372 513 592 559 sequatur,
628 507 780 558 quibus
813 506 885 546 ille
912 518 990 546 seu
1022 517 1099 556 per
1133 507 1442 556 neglegentiam
1483 510 1706 556 corruptus
1734 510 1820 555 est,
1849 518 1926 546 seu
1953 507 2286 558 interpolationis
2314 510 2435 559 signa

90 576 208 626 quasi
242 578 388 626 aperta
437 575 572 620 fronte
608 583 709 624 prae
753 583 801 611 se
845 572 936 611 fert.
1002 573 1135 612 Recte
1169 576 1314 611 tamen
1351 572 1495 611 multis
1531 572 1636 611 locis
1673 572 1830 611 codicis
1867 571 1902 611 G
1937 573 2166 623 scripturas
2200 574 2243 613 in
2271 578 2435 614 textum

85 641 258 692 recepit.
751 689 768 692 Α
1926 651 1931 656 ·

229 707 410 760 Itaque
438 704 568 745 hanc
595 705 743 744 inter
770 703 897 743 duas
925 702 1157 755 fa2milias
1187 703 1423 742 codicum
1453 703 1778 742 intercedere
1811 703 2061 760 rationem
2099 704 2432 744 statuendum

86 772 308 812 videtur:
481 806 483 809 .

231 835 374 875 Codex
404 835 439 874 G
466 835 566 874 boni
594 833 767 884 quidem
796 837 861 872 est
887 833 1030 882 stirpis
1056 832 1286 882 multisque
1316 834 1431 882 locis,
1461 833 1531 873 ubi
1559 833 1692 872 altera
1718 832 1873 872 familia
1901 843 1977 882 per
2000 833 2264 873 librariorum
2291 834 2434 884 negle-

88 903 272 953 gentiam
308 903 506 950 corrupta
542 903 628 946 est,
664 909 788 937 veras
822 897 1009 936 servavit
1052 897 1303 947 scripturas;
1341 898 1416 937 sed
1453 899 1636 948 primum
1670 901 1736 936 sat
1770 898 2043 947 neglegenter
2076 898 2314 948 descriptus
2349 902 2432 948 est;

89 967 242 1008 deinde
269 965 383 1006 haud
410 964 555 1015 paucis
583 963 686 1003 locis
715 963 904 1002 diversas
932 962 985 1002 ob
1014 971 1164 1002 causas
1193 967 1390 1012 expertus
1428 967 1492 1002 est
1518 973 1693 1003 manum
1735 963 2105 1013 interpolatricem.

231 1029 403 1070 Codices
442 1027 522 1067 AV
560 1039 819 1078 quamquam
859 1028 993 1067 multo
1035 1027 1258 1067 deterioris
1299 1031 1401 1067 sunt
1449 1026 1632 1078 originis,
1672 1032 1816 1067 tamen
1857 1039 2066 1078 nusquam
2101 1021 2433 1078 interpolationis

86 1097 291 1151 praebent
318 1082 614 1146 suspicionem,
642 1094 719 1133 sed
745 1104 821 1144 per
847 1093 1038 1133 librarios
1065 1093 1257 1132 indoctos
1286 1094 1471 1132 maxima
1498 1104 1597 1132 cum
1623 1093 1880 1132 verecundia
1908 1093 2063 1143 depicti
2083 1097 2192 1142 sunt,
2220 1093 2358 1143 quade
2386 1105 2434 1134 re

86 1165 139 1204 iis
171 1163 295 1212 locis,
331 1161 403 1201 ubi
437 1162 529 1201 cod.
568 1161 603 1200 G
632 1165 704 1201 aut
739 1171 815 1211 per
847 1160 1156 1210 neglegentiam
1190 1163 1261 1199 aut
1295 1170 1371 1210 per
1397 1158 1762 1210 interpolationem
1802 1159 2060 1199 deformatus
2090 1164 2167 1209 est,
2195 1163 2335 1199 rectas
2364 1169 2441 1198 ex-.

85 1228 232 1271 hibent
258 1229 501 1278 scripturas.

200 1326 205 1330 .
230 1293 431 1332 Videmus
460 1292 585 1342 igitur
611 1303 710 1331 suas
738 1295 960 1340 utramque
987 1289 1187 1329 familiam
1214 1289 1350 1328 bonas
1380 1290 1600 1340 malasque
1628 1288 1786 1329 habere
1815 1290 2018 1329 lectiones
2047 1301 2184 1340 neque
2214 1301 2328 1339 esse,
2357 1301 2434 1330 cur

88 1359 263 1399 alteram
291 1369 393 1407 prae
421 1358 551 1397 altera
579 1357 841 1396 extollamus.

203 1422 390 1471 'Quibus
419 1422 618 1473 expositis
658 1423 708 1461 in
737 1421 964 1460 diversis
990 1419 1310 1459 testimoniis
1347 1419 1703 1459 diiudicandis
1738 1418 1867 1461 haec
1901 1420 2034 1459 ratio
2070 1419 2194 1460 mihi
2220 1421 2434 1460 videtur

2 1541 12 1548 .
86 1487 414 1528 instituenda
443 1497 575 1527 esse:

229 1552 479 1602 Ubicunque
507 1553 564 1590 ita
591 1551 702 1590 inter
730 1562 778 1591 se
806 1551 1058 1590 dissentiunt
1086 1551 1194 1590 duae
1224 1550 1420 1590 codicum
1447 1551 1641 1600 familiae,
1668 1554 1717 1590 ut
1744 1562 1820 1601 per
1847 1562 1894 1591 se
1927 1552 2146 1602 utriusque
2175 1551 2273 1590 ferri
2301 1551 2434 1601 possit

87 1618 306 1669 scriptura,
335 1618 507 1657 calculis
536 1628 589 1656 ex
614 1627 872 1667 unoquoque
899 1617 992 1656 loco
1021 1617 1162 1667 petitis
1192 1615 1435 1655 discernere
1454 1615 1673 1665 debemus,
1694 1617 1789 1655 utra
1807 1616 1931 1655 lectio
1950 1617 2132 1666 genuina
2150 1617 2215 1656 sit.
2258 1615 2435 1665 Semper

88 1686 232 1725 autem
258 1683 455 1739 primaria
484 1682 562 1720 erit
589 1682 794 1731 quaestio,
822 1692 926 1721 num
945 1681 1101 1721 codicis
1129 1681 1164 1721 G
1193 1681 1404 1731 scriptura
1430 1681 1761 1731 interpolationis
1788 1684 1959 1720 moveat
1987 1682 2285 1732 suspicionem,
2315 1679 2434 1720 cuius

86 1748 139 1788 iis
165 1747 272 1788 loeis
297 1746 502 1787 habemus
530 1747 618 1786 fere
646 1747 860 1795 indicium,
888 1747 960 1786 ubi
987 1747 1119 1787 altera
1146 1747 1271 1787 lectio
1300 1758 1352 1786 ex
1386 1747 1518 1786 altera
1550 1757 1628 1796 per
1663 1746 1898 1797 simplicem
1933 1747 2088 1786 librarii
2123 1757 2312 1786 errorem
2340 1756 2435 1795 pro-

87 1813 200 1854 fecta
227 1823 324 1853 esse
350 1813 518 1862 nequit3
547 1816 641 1851 tum
670 1811 790 1851 codd.
820 1812 891 1851 AV
919 1823 1150 1862 sequamur
1177 1822 1356 1851 necesse
1383 1815 1460 1851 est.
1518 1811 1590 1851 Sin
1619 1814 1763 1850 autem
1793 1811 1952 1851 codicis
1981 1811 2017 1850 G
2045 1812 2255 1862 scriptura
2282 1822 2359 1861 per
2386 1822 2434 1850 se

85 1874 365 1939 praeferenda
393 1881 459 1916 est
486 1887 626 1927 neque
654 1876 786 1917 ullam
813 1887 914 1927 prae
941 1887 988 1916 se
1022 1876 1104 1917 fert
1131 1876 1469 1926 interpolationis
1498 1876 1704 1926 speciem,
1732 1874 1838 1915 haec
1866 1877 2096 1927 antiquitus
2123 1876 2278 1916 tradita
2306 1879 2434 1926 atque

88 1947 207 1984 recta
233 1943 457 1984 iudicanda
488 1947 566 1983 est.
