<?xml version="1.0" encoding="UTF-8"?>
<!DOCTYPE html PUBLIC "-//W3C//DTD XHTML 1.0 Transitional//EN"
    "http://www.w3.org/TR/xhtml1/DTD/xhtml1-transitional.dtd">
<html xmlns="http://www.w3.org/1999/xhtml" xml:lang="en" lang="en">
 <head>
  <title>
</title>
<meta http-equiv="Content-Type" content="text/html;charset=utf-8" />
  <meta name='ocr-system' content='tesseract 3.04.00' />
  <meta name='ocr-capabilities' content='ocr_page ocr_carea ocr_par ocr_line ocrx_word'/>
</head>
<body>
  <div class='ocr_page' id='page_1' title='image "./detibullicodicum00widduoft_0006.png"; bbox 0 0 2736 3788; ppageno 0'>
   <div class='ocr_carea' id='block_1_1' title="bbox 1364 236 1599 274">
    <p class='ocr_par' dir='ltr' id='par_1_1' title="bbox 1364 236 1599 274">
     <span class='ocr_line' id='line_1_1' title="bbox 1364 236 1599 274; baseline 0.009 -14"><span class='ocrx_word' id='word_1_1' title='bbox 1364 236 1599 274; x_wconf 77' lang='lat'>-4-</span> 
     </span>
    </p>
   </div>
   <div class='ocr_carea' id='block_1_2' title="bbox 302 357 2654 2825">
    <p class='ocr_par' dir='ltr' id='par_1_2' title="bbox 302 357 2654 1324">
     <span class='ocr_line' id='line_1_2' title="bbox 304 357 2653 413; baseline 0.002 -14"><span class='ocrx_word' id='word_1_2' title='bbox 304 360 397 399; x_wconf 90' lang='lat' dir='ltr'>latis</span> <span class='ocrx_word' id='word_1_3' title='bbox 416 359 612 399; x_wconf 89' lang='lat' dir='ltr'>subsidiis</span> <span class='ocrx_word' id='word_1_4' title='bbox 641 358 720 397; x_wconf 88' lang='lat' dir='ltr'>illis</span> <span class='ocrx_word' id='word_1_5' title='bbox 749 357 1064 407; x_wconf 84' lang='lat' dir='ltr'>pretiosissimis</span> <span class='ocrx_word' id='word_1_6' title='bbox 1095 357 1138 396; x_wconf 88' lang='lat' dir='ltr'>F.</span> <span class='ocrx_word' id='word_1_7' title='bbox 1169 361 1211 396; x_wconf 94' lang='lat' dir='ltr'>et</span> <span class='ocrx_word' id='word_1_8' title='bbox 1230 357 1332 396; x_wconf 90' lang='lat' dir='ltr'>Fris.</span> <span class='ocrx_word' id='word_1_9' title='bbox 1354 357 1423 407; x_wconf 87' lang='lat' dir='ltr'>(cf.</span> <span class='ocrx_word' id='word_1_10' title='bbox 1454 369 1489 397; x_wconf 94' lang='lat' dir='ltr'>e.</span> <span class='ocrx_word' id='word_1_11' title='bbox 1519 370 1559 409; x_wconf 85' lang='lat' dir='ltr'>g.</span> <span class='ocrx_word' id='word_1_12' title='bbox 1590 370 1738 410; x_wconf 80' lang='lat' dir='ltr'>paneg.</span> <span class='ocrx_word' id='word_1_13' title='bbox 1769 360 1933 400; x_wconf 90' lang='lat' dir='ltr'>Messal.</span> <span class='ocrx_word' id='word_1_14' title='bbox 1962 361 2042 402; x_wconf 78' lang='lat'>205</span> <span class='ocrx_word' id='word_1_15' title='bbox 2070 362 2297 402; x_wconf 90' lang='lat' dir='ltr'>celerem</span> <span class='ocrx_word' id='word_1_16' title='bbox 2327 363 2357 402; x_wconf 89' lang='lat' dir='ltr'><strong>F</strong></span> <span class='ocrx_word' id='word_1_17' title='bbox 2386 364 2490 404; x_wconf 88' lang='lat' dir='ltr'>fato</span> <span class='ocrx_word' id='word_1_18' title='bbox 2524 363 2653 413; x_wconf 87' lang='lat' dir='ltr'>GAV,</span> 
     </span>
     <span class='ocr_line' id='line_1_3' title="bbox 304 421 2644 475; baseline 0.002 -10"><span class='ocrx_word' id='word_1_19' title='bbox 304 425 457 475; x_wconf 86' lang='lat' dir='ltr'>Sulpic.</span> <span class='ocrx_word' id='word_1_20' title='bbox 488 424 609 474; x_wconf 85' lang='lat' dir='ltr'>epist.</span> <span class='ocrx_word' id='word_1_21' title='bbox 641 423 679 470; x_wconf 88' lang='lat'>3,</span> <span class='ocrx_word' id='word_1_22' title='bbox 709 424 733 461; x_wconf 79' lang='lat'><strong>2</strong></span> <span class='ocrx_word' id='word_1_23' title='bbox 763 423 859 460; x_wconf 88' lang='lat' dir='ltr'>iam</span> <span class='ocrx_word' id='word_1_24' title='bbox 888 422 1012 461; x_wconf 91' lang='lat' dir='ltr'>licet</span> <span class='ocrx_word' id='word_1_25' title='bbox 1041 422 1071 461; x_wconf 90' lang='lat' dir='ltr'><strong>F</strong></span> <span class='ocrx_word' id='word_1_26' title='bbox 1101 433 1197 461; x_wconf 92' lang='lat' dir='ltr'>non</span> <span class='ocrx_word' id='word_1_27' title='bbox 1232 421 1367 461; x_wconf 89' lang='lat' dir='ltr'>sinet</span> <span class='ocrx_word' id='word_1_28' title='bbox 1397 421 1535 473; x_wconf 89' lang='lat' dir='ltr'>GAV)‚</span> <span class='ocrx_word' id='word_1_29' title='bbox 1563 427 1706 464; x_wconf 89' lang='lat' dir='ltr'>tamen</span> <span class='ocrx_word' id='word_1_30' title='bbox 1735 425 1849 474; x_wconf 92' lang='lat' dir='ltr'>ipsos</span> <span class='ocrx_word' id='word_1_31' title='bbox 1885 426 2017 465; x_wconf 89' lang='lat' dir='ltr'>multo</span> <span class='ocrx_word' id='word_1_32' title='bbox 2055 430 2271 475; x_wconf 89' lang='lat' dir='ltr'>praestare</span> <span class='ocrx_word' id='word_1_33' title='bbox 2307 427 2421 467; x_wconf 92' lang='lat' dir='ltr'>libris</span> <span class='ocrx_word' id='word_1_34' title='bbox 2460 440 2485 468; x_wconf 91' lang='lat' dir='ltr'>a</span> <span class='ocrx_word' id='word_1_35' title='bbox 2512 429 2644 470; x_wconf 85' lang='lat' dir='ltr'>Lach-</span> 
     </span>
     <span class='ocr_line' id='line_1_4' title="bbox 305 486 2646 542; baseline 0.003 -14"><span class='ocrx_word' id='word_1_36' title='bbox 305 501 459 528; x_wconf 91' lang='lat' dir='ltr'>manno</span> <span class='ocrx_word' id='word_1_37' title='bbox 493 487 689 527; x_wconf 80' lang='lat' dir='ltr'>adhibitis</span> <span class='ocrx_word' id='word_1_38' title='bbox 724 487 792 525; x_wconf 90' lang='lat' dir='ltr'>vel</span> <span class='ocrx_word' id='word_1_39' title='bbox 821 486 918 526; x_wconf 87' lang='lat' dir='ltr'>inde</span> <span class='ocrx_word' id='word_1_40' title='bbox 949 488 1219 538; x_wconf 87' lang='lat' dir='ltr'>perspicuum</span> <span class='ocrx_word' id='word_1_41' title='bbox 1255 492 1332 535; x_wconf 90' lang='lat' dir='ltr'>est,</span> <span class='ocrx_word' id='word_1_42' title='bbox 1370 488 1484 537; x_wconf 86' lang='lat' dir='ltr'>quod</span> <span class='ocrx_word' id='word_1_43' title='bbox 1519 499 1669 528; x_wconf 90' lang='lat' dir='ltr'>versus</span> <span class='ocrx_word' id='word_1_44' title='bbox 1704 491 1890 530; x_wconf 91' lang='lat' dir='ltr'>nonnulli</span> <span class='ocrx_word' id='word_1_45' title='bbox 1928 490 1975 541; x_wconf 94' lang='grc' dir='ltr'>(Ι,</span> <span class='ocrx_word' id='word_1_46' title='bbox 2004 491 2042 539; x_wconf 81' lang='lat'>2,</span> <span class='ocrx_word' id='word_1_47' title='bbox 2070 490 2141 539; x_wconf 83' lang='lat'>26;</span> <span class='ocrx_word' id='word_1_48' title='bbox 2183 491 2232 540; x_wconf 91' lang='lat'>11,</span> <span class='ocrx_word' id='word_1_49' title='bbox 2259 491 2299 538; x_wconf 87' lang='grc'>3,</span> <span class='ocrx_word' id='word_1_50' title='bbox 2327 492 2399 541; x_wconf 85' lang='grc'>16;</span> <span class='ocrx_word' id='word_1_51' title='bbox 2427 493 2477 542; x_wconf 88' lang='lat'>11,</span> <span class='ocrx_word' id='word_1_52' title='bbox 2505 493 2543 540; x_wconf 88' lang='lat'>3,</span> <span class='ocrx_word' id='word_1_53' title='bbox 2574 493 2646 540; x_wconf 86' lang='lat'>78;</span> 
     </span>
     <span class='ocr_line' id='line_1_5' title="bbox 304 551 2647 606; baseline 0.002 -13"><span class='ocrx_word' id='word_1_54' title='bbox 304 553 433 605; x_wconf 83' lang='lat' dir='ltr'>Lygd.</span> <span class='ocrx_word' id='word_1_55' title='bbox 464 552 586 602; x_wconf 78' lang='lat'>4‚65),</span> <span class='ocrx_word' id='word_1_56' title='bbox 617 562 722 601; x_wconf 88' lang='lat' dir='ltr'>quos</span> <span class='ocrx_word' id='word_1_57' title='bbox 751 551 804 590; x_wconf 89' lang='lat' dir='ltr'>ab</span> <span class='ocrx_word' id='word_1_58' title='bbox 824 551 938 590; x_wconf 91' lang='lat' dir='ltr'>Italis</span> <span class='ocrx_word' id='word_1_59' title='bbox 967 551 1048 590; x_wconf 91' lang='lat' dir='ltr'>illis</span> <span class='ocrx_word' id='word_1_60' title='bbox 1078 552 1307 590; x_wconf 87' lang='lat' dir='ltr'>notissimis</span> <span class='ocrx_word' id='word_1_61' title='bbox 1328 551 1490 591; x_wconf 81' lang='lat' dir='ltr'>Seneca</span> <span class='ocrx_word' id='word_1_62' title='bbox 1510 553 1690 604; x_wconf 89' lang='lat' dir='ltr'>Aurispa</span> <span class='ocrx_word' id='word_1_63' title='bbox 1718 555 1907 595; x_wconf 90' lang='lat' dir='ltr'>Pontano</span> <span class='ocrx_word' id='word_1_64' title='bbox 1936 556 2230 606; x_wconf 88' lang='lat' dir='ltr'>suppositicios</span> <span class='ocrx_word' id='word_1_65' title='bbox 2251 567 2345 596; x_wconf 89' lang='lat' dir='ltr'>esse</span> <span class='ocrx_word' id='word_1_66' title='bbox 2365 557 2520 598; x_wconf 87' lang='lat' dir='ltr'>diserta</span> <span class='ocrx_word' id='word_1_67' title='bbox 2547 569 2647 598; x_wconf 85' lang='lat' dir='ltr'>con-</span> 
     </span>
     <span class='ocr_line' id='line_1_6' title="bbox 303 616 2649 673; baseline 0.002 -15"><span class='ocrx_word' id='word_1_68' title='bbox 303 620 471 658; x_wconf 88' lang='lat' dir='ltr'>firmant</span> <span class='ocrx_word' id='word_1_69' title='bbox 511 618 769 665; x_wconf 85' lang='lat' dir='ltr'>testimonia,</span> <span class='ocrx_word' id='word_1_70' title='bbox 807 616 960 656; x_wconf 87' lang='lat' dir='ltr'>desunt</span> <span class='ocrx_word' id='word_1_71' title='bbox 1001 618 1043 656; x_wconf 90' lang='lat' dir='ltr'>in</span> <span class='ocrx_word' id='word_1_72' title='bbox 1085 616 1428 667; x_wconf 87' lang='lat' dir='ltr'>Baehrensianis,</span> <span class='ocrx_word' id='word_1_73' title='bbox 1464 618 1507 657; x_wconf 91' lang='lat' dir='ltr'>in</span> <span class='ocrx_word' id='word_1_74' title='bbox 1542 619 1892 661; x_wconf 90' lang='lat' dir='ltr'>Lachmannianis</span> <span class='ocrx_word' id='word_1_75' title='bbox 1941 622 2156 662; x_wconf 81' lang='lat' dir='ltr'>codicibus</span> <span class='ocrx_word' id='word_1_76' title='bbox 2200 622 2434 662; x_wconf 84' lang='lat' dir='ltr'>traduntur.</span> <span class='ocrx_word' id='word_1_77' title='bbox 2503 623 2649 673; x_wconf 86' lang='lat' dir='ltr'>Neque</span> 
     </span>
     <span class='ocr_line' id='line_1_7' title="bbox 302 681 2649 738; baseline 0.002 -15"><span class='ocrx_word' id='word_1_78' title='bbox 302 695 403 723; x_wconf 90' lang='lat' dir='ltr'>vero</span> <span class='ocrx_word' id='word_1_79' title='bbox 440 683 593 722; x_wconf 88' lang='lat' dir='ltr'>multas</span> <span class='ocrx_word' id='word_1_80' title='bbox 628 682 829 721; x_wconf 88' lang='lat' dir='ltr'>lectiones</span> <span class='ocrx_word' id='word_1_81' title='bbox 866 686 989 721; x_wconf 90' lang='lat' dir='ltr'>antea</span> <span class='ocrx_word' id='word_1_82' title='bbox 1024 681 1077 720; x_wconf 89' lang='lat' dir='ltr'>ob</span> <span class='ocrx_word' id='word_1_83' title='bbox 1114 682 1316 722; x_wconf 88' lang='lat' dir='ltr'>Italorum</span> <span class='ocrx_word' id='word_1_84' title='bbox 1361 684 1707 733; x_wconf 81' lang='lat' dir='ltr'>interpolationes</span> <span class='ocrx_word' id='word_1_85' title='bbox 1749 685 1897 726; x_wconf 91' lang='lat' dir='ltr'>dubias</span> <span class='ocrx_word' id='word_1_86' title='bbox 1940 698 2053 727; x_wconf 91' lang='lat' dir='ltr'>nunc</span> <span class='ocrx_word' id='word_1_87' title='bbox 2095 699 2180 727; x_wconf 93' lang='lat' dir='ltr'>non</span> <span class='ocrx_word' id='word_1_88' title='bbox 2222 692 2386 727; x_wconf 87' lang='lat' dir='ltr'>constat</span> <span class='ocrx_word' id='word_1_89' title='bbox 2421 688 2649 738; x_wconf 88' lang='lat' dir='ltr'>antiquitus</span> 
     </span>
     <span class='ocr_line' id='line_1_8' title="bbox 303 746 2648 804; baseline 0.003 -17"><span class='ocrx_word' id='word_1_90' title='bbox 303 759 398 788; x_wconf 89' lang='lat' dir='ltr'>esse</span> <span class='ocrx_word' id='word_1_91' title='bbox 425 747 613 795; x_wconf 86' lang='lat' dir='ltr'>traditas,</span> <span class='ocrx_word' id='word_1_92' title='bbox 651 746 766 785; x_wconf 92' lang='lat' dir='ltr'>velut</span> <span class='ocrx_word' id='word_1_93' title='bbox 805 746 946 785; x_wconf 86' lang='lat' dir='ltr'>Puccii</span> <span class='ocrx_word' id='word_1_94' title='bbox 981 747 1300 787; x_wconf 83' lang='lat' dir='ltr'>emendationes</span> <span class='ocrx_word' id='word_1_95' title='bbox 1339 749 1538 798; x_wconf 89' lang='lat' dir='ltr'>plurimas</span> <span class='ocrx_word' id='word_1_96' title='bbox 1575 750 1616 788; x_wconf 92' lang='lat' dir='ltr'>in</span> <span class='ocrx_word' id='word_1_97' title='bbox 1654 752 1875 800; x_wconf 89' lang='lat' dir='ltr'>propatulo</span> <span class='ocrx_word' id='word_1_98' title='bbox 1911 756 1976 791; x_wconf 92' lang='lat' dir='ltr'>est</span> <span class='ocrx_word' id='word_1_99' title='bbox 2003 753 2094 802; x_wconf 93' lang='lat' dir='ltr'>ipso</span> <span class='ocrx_word' id='word_1_100' title='bbox 2131 763 2183 792; x_wconf 85' lang='lat' dir='ltr'>ex</span> <span class='ocrx_word' id='word_1_101' title='bbox 2211 753 2304 792; x_wconf 93' lang='lat' dir='ltr'>cod.</span> <span class='ocrx_word' id='word_1_102' title='bbox 2338 752 2373 792; x_wconf 88' lang='lat' dir='ltr'>G</span> <span class='ocrx_word' id='word_1_103' title='bbox 2402 753 2648 804; x_wconf 82' lang='lat' dir='ltr'>desumptas</span> 
     </span>
     <span class='ocr_line' id='line_1_9' title="bbox 303 812 2648 869; baseline 0 -14"><span class='ocrx_word' id='word_1_104' title='bbox 303 814 457 864; x_wconf 85' lang='lat' dir='ltr'>esse.¹)</span> <span class='ocrx_word' id='word_1_105' title='bbox 512 814 642 852; x_wconf 90' lang='lat' dir='ltr'>Porro</span> <span class='ocrx_word' id='word_1_106' title='bbox 673 812 971 853; x_wconf 83' lang='lat' dir='ltr'>Baehrensiani</span> <span class='ocrx_word' id='word_1_107' title='bbox 1007 814 1100 853; x_wconf 85' lang='lat' dir='ltr'>libri</span> <span class='ocrx_word' id='word_1_108' title='bbox 1138 815 1179 853; x_wconf 92' lang='lat' dir='ltr'>in</span> <span class='ocrx_word' id='word_1_109' title='bbox 1209 815 1313 854; x_wconf 91' lang='lat' dir='ltr'>duas</span> <span class='ocrx_word' id='word_1_110' title='bbox 1352 815 1576 855; x_wconf 89' lang='lat' dir='ltr'>discedunt</span> <span class='ocrx_word' id='word_1_111' title='bbox 1611 816 1802 864; x_wconf 81' lang='lat' dir='ltr'>familias,</span> <span class='ocrx_word' id='word_1_112' title='bbox 1839 827 2016 866; x_wconf 88' lang='lat' dir='ltr'>quarum</span> <span class='ocrx_word' id='word_1_113' title='bbox 2056 818 2231 856; x_wconf 88' lang='lat' dir='ltr'>alteram</span> <span class='ocrx_word' id='word_1_114' title='bbox 2274 818 2336 869; x_wconf 84' lang='lat' dir='ltr'>(x)</span> <span class='ocrx_word' id='word_1_115' title='bbox 2371 819 2466 858; x_wconf 91' lang='lat' dir='ltr'>cod.</span> <span class='ocrx_word' id='word_1_116' title='bbox 2505 818 2554 858; x_wconf 88' lang='lat' dir='ltr'>G.</span> <span class='ocrx_word' id='word_1_117' title='bbox 2594 822 2648 865; x_wconf 80' lang='lat' dir='ltr'>et,</span> 
     </span>
     <span class='ocr_line' id='line_1_10' title="bbox 304 879 2654 934; baseline 0.001 -14"><span class='ocrx_word' id='word_1_118' title='bbox 304 892 412 931; x_wconf 88' lang='lat' dir='ltr'>quae</span> <span class='ocrx_word' id='word_1_119' title='bbox 442 880 634 919; x_wconf 91' lang='lat' dir='ltr'>eiusdem</span> <span class='ocrx_word' id='word_1_120' title='bbox 663 883 761 918; x_wconf 89' lang='lat' dir='ltr'>sunt</span> <span class='ocrx_word' id='word_1_121' title='bbox 789 879 942 928; x_wconf 82' lang='lat' dir='ltr'>stirpis,</span> <span class='ocrx_word' id='word_1_122' title='bbox 973 883 1173 929; x_wconf 85' lang='lat' dir='ltr'>excerpta</span> <span class='ocrx_word' id='word_1_123' title='bbox 1191 879 1431 930; x_wconf 79' lang='lat' dir='ltr'>Parisina‚2)</span> <span class='ocrx_word' id='word_1_124' title='bbox 1454 881 1629 919; x_wconf 88' lang='lat' dir='ltr'>alteram</span> <span class='ocrx_word' id='word_1_125' title='bbox 1651 879 1712 932; x_wconf 88' lang='lat' dir='ltr'>(y)</span> <span class='ocrx_word' id='word_1_126' title='bbox 1733 881 1854 920; x_wconf 93' lang='lat' dir='ltr'>codd.</span> <span class='ocrx_word' id='word_1_127' title='bbox 1888 881 1923 920; x_wconf 90' lang='lat' dir='ltr'>A</span> <span class='ocrx_word' id='word_1_128' title='bbox 1942 886 1984 921; x_wconf 90' lang='lat' dir='ltr'>et</span> <span class='ocrx_word' id='word_1_129' title='bbox 2012 882 2045 920; x_wconf 93' lang='lat' dir='ltr'>V</span> <span class='ocrx_word' id='word_1_130' title='bbox 2075 882 2447 934; x_wconf 79' lang='lat' dir='ltr'>repraesentant.3)</span> <span class='ocrx_word' id='word_1_131' title='bbox 2494 883 2654 931; x_wconf 84' lang='lat' dir='ltr'>Quibus</span> 
     </span>
     <span class='ocr_line' id='line_1_11' title="bbox 303 945 2654 1002; baseline 0 -15"><span class='ocrx_word' id='word_1_132' title='bbox 303 959 326 987; x_wconf 91' lang='lat' dir='ltr'>e</span> <span class='ocrx_word' id='word_1_133' title='bbox 348 946 576 994; x_wconf 85' lang='lat' dir='ltr'>codicibus,</span> <span class='ocrx_word' id='word_1_134' title='bbox 597 946 665 994; x_wconf 90' lang='lat' dir='ltr'>qui</span> <span class='ocrx_word' id='word_1_135' title='bbox 695 945 748 983; x_wconf 85' lang='lat' dir='ltr'>ad</span> <span class='ocrx_word' id='word_1_136' title='bbox 768 956 897 1002; x_wconf 78' lang='lat' dir='ltr'>unum</span> <span class='ocrx_word' id='word_1_137' title='bbox 919 945 1189 994; x_wconf 87' lang='lat' dir='ltr'>eundemque</span> <span class='ocrx_word' id='word_1_138' title='bbox 1217 950 1438 985; x_wconf 88' lang='lat' dir='ltr'>recurrunt</span> <span class='ocrx_word' id='word_1_139' title='bbox 1466 945 1743 996; x_wconf 87' lang='lat' dir='ltr'>archetypum</span> <span class='ocrx_word' id='word_1_140' title='bbox 1773 945 1857 997; x_wconf 91' lang='lat' dir='ltr'>(O),</span> <span class='ocrx_word' id='word_1_141' title='bbox 1887 957 2034 986; x_wconf 90' lang='lat' dir='ltr'>omnes</span> <span class='ocrx_word' id='word_1_142' title='bbox 2063 948 2274 987; x_wconf 86' lang='lat' dir='ltr'>fluxerunt</span> <span class='ocrx_word' id='word_1_143' title='bbox 2302 950 2558 988; x_wconf 86' lang='lat' dir='ltr'>recentiores</span> <span class='ocrx_word' id='word_1_144' title='bbox 2579 950 2654 998; x_wconf 79' lang='grc' dir='ltr'>(ς),</span> 
     </span>
     <span class='ocr_line' id='line_1_12' title="bbox 302 1010 2652 1061; baseline 0 -9"><span class='ocrx_word' id='word_1_145' title='bbox 302 1014 359 1052; x_wconf 90' lang='lat' dir='ltr'>ita</span> <span class='ocrx_word' id='word_1_146' title='bbox 392 1016 437 1051; x_wconf 91' lang='lat' dir='ltr'>ut</span> <span class='ocrx_word' id='word_1_147' title='bbox 472 1011 623 1050; x_wconf 89' lang='lat' dir='ltr'>horum</span> <span class='ocrx_word' id='word_1_148' title='bbox 665 1010 868 1049; x_wconf 89' lang='lat' dir='ltr'>lectiones</span> <span class='ocrx_word' id='word_1_149' title='bbox 903 1011 954 1049; x_wconf 90' lang='lat' dir='ltr'>ab</span> <span class='ocrx_word' id='word_1_150' title='bbox 996 1010 1163 1049; x_wconf 86' lang='lat' dir='ltr'>illorum</span> <span class='ocrx_word' id='word_1_151' title='bbox 1204 1010 1454 1050; x_wconf 89' lang='lat' dir='ltr'>testimoniis</span> <span class='ocrx_word' id='word_1_152' title='bbox 1501 1011 1692 1050; x_wconf 91' lang='lat' dir='ltr'>diversae</span> <span class='ocrx_word' id='word_1_153' title='bbox 1730 1022 1813 1050; x_wconf 91' lang='lat' dir='ltr'>non</span> <span class='ocrx_word' id='word_1_154' title='bbox 1849 1011 2077 1060; x_wconf 87' lang='lat' dir='ltr'>antiquitus</span> <span class='ocrx_word' id='word_1_155' title='bbox 2111 1012 2303 1061; x_wconf 86' lang='lat' dir='ltr'>traditae,</span> <span class='ocrx_word' id='word_1_156' title='bbox 2340 1013 2416 1052; x_wconf 92' lang='lat' dir='ltr'>sed</span> <span class='ocrx_word' id='word_1_157' title='bbox 2450 1013 2504 1053; x_wconf 90' lang='lat' dir='ltr'>ab</span> <span class='ocrx_word' id='word_1_158' title='bbox 2540 1014 2652 1054; x_wconf 89' lang='lat' dir='ltr'>Italis</span> 
     </span>
     <span class='ocr_line' id='line_1_13' title="bbox 304 1075 2649 1128; baseline 0.001 -12"><span class='ocrx_word' id='word_1_159' title='bbox 304 1077 563 1127; x_wconf 81' lang='lat' dir='ltr'>excogitatae</span> <span class='ocrx_word' id='word_1_160' title='bbox 599 1076 681 1115; x_wconf 89' lang='lat' dir='ltr'>sint</span> <span class='ocrx_word' id='word_1_161' title='bbox 716 1076 941 1126; x_wconf 89' lang='lat' dir='ltr'>putandae,</span> <span class='ocrx_word' id='word_1_162' title='bbox 978 1075 1131 1125; x_wconf 91' lang='lat' dir='ltr'>quibus</span> <span class='ocrx_word' id='word_1_163' title='bbox 1167 1087 1246 1115; x_wconf 89' lang='lat' dir='ltr'>nec</span> <span class='ocrx_word' id='word_1_164' title='bbox 1282 1077 1416 1115; x_wconf 90' lang='lat' dir='ltr'>maior</span> <span class='ocrx_word' id='word_1_165' title='bbox 1451 1087 1531 1115; x_wconf 89' lang='lat' dir='ltr'>nec</span> <span class='ocrx_word' id='word_1_166' title='bbox 1566 1077 1703 1115; x_wconf 88' lang='lat' dir='ltr'>minor</span> <span class='ocrx_word' id='word_1_167' title='bbox 1736 1076 1843 1115; x_wconf 89' lang='lat' dir='ltr'>fides</span> <span class='ocrx_word' id='word_1_168' title='bbox 1881 1075 2038 1116; x_wconf 90' lang='lat' dir='ltr'>habere</span> <span class='ocrx_word' id='word_1_169' title='bbox 2072 1077 2207 1127; x_wconf 89' lang='lat' dir='ltr'>liceat,</span> <span class='ocrx_word' id='word_1_170' title='bbox 2237 1089 2366 1127; x_wconf 89' lang='lat' dir='ltr'>quam</span> <span class='ocrx_word' id='word_1_171' title='bbox 2394 1077 2649 1128; x_wconf 77' lang='lat' dir='ltr'>quibuslibet</span> 
     </span>
     <span class='ocr_line' id='line_1_14' title="bbox 303 1140 2652 1196; baseline 0.001 -15"><span class='ocrx_word' id='word_1_172' title='bbox 303 1154 327 1181; x_wconf 86' lang='lat' dir='ltr'>a</span> <span class='ocrx_word' id='word_1_173' title='bbox 354 1141 611 1181; x_wconf 88' lang='lat' dir='ltr'>nostratibus</span> <span class='ocrx_word' id='word_1_174' title='bbox 653 1142 825 1191; x_wconf 91' lang='lat' dir='ltr'>prolatis</span> <span class='ocrx_word' id='word_1_175' title='bbox 863 1140 1127 1180; x_wconf 89' lang='lat' dir='ltr'>coniecturis.</span> <span class='ocrx_word' id='word_1_176' title='bbox 1196 1140 1455 1188; x_wconf 85' lang='lat' dir='ltr'>Quibusnam</span> <span class='ocrx_word' id='word_1_177' title='bbox 1498 1145 1641 1181; x_wconf 87' lang='lat' dir='ltr'>autem</span> <span class='ocrx_word' id='word_1_178' title='bbox 1684 1142 1944 1192; x_wconf 84' lang='lat' dir='ltr'>cognationis</span> <span class='ocrx_word' id='word_1_179' title='bbox 1979 1143 2176 1193; x_wconf 84' lang='lat' dir='ltr'>gradibus</span> <span class='ocrx_word' id='word_1_180' title='bbox 2211 1144 2302 1193; x_wconf 85' lang='lat' dir='ltr'>ipse</span> <span class='ocrx_word' id='word_1_181' title='bbox 2345 1143 2599 1196; x_wconf 88' lang='lat' dir='ltr'>archetypus</span> <span class='ocrx_word' id='word_1_182' title='bbox 2627 1156 2652 1183; x_wconf 86' lang='lat' dir='ltr'>a</span> 
     </span>
     <span class='ocr_line' id='line_1_15' title="bbox 302 1206 2650 1259; baseline 0.001 -13"><span class='ocrx_word' id='word_1_183' title='bbox 302 1208 537 1256; x_wconf 83' lang='lat' dir='ltr'>fragmento</span> <span class='ocrx_word' id='word_1_184' title='bbox 567 1206 790 1245; x_wconf 88' lang='lat' dir='ltr'>Cuiaciano</span> <span class='ocrx_word' id='word_1_185' title='bbox 828 1209 872 1244; x_wconf 90' lang='lat' dir='ltr'>et</span> <span class='ocrx_word' id='word_1_186' title='bbox 908 1206 959 1245; x_wconf 89' lang='lat' dir='ltr'>ab</span> <span class='ocrx_word' id='word_1_187' title='bbox 996 1207 1204 1256; x_wconf 84' lang='lat' dir='ltr'>excerptis</span> <span class='ocrx_word' id='word_1_188' title='bbox 1241 1207 1577 1257; x_wconf 84' lang='lat' dir='ltr'>Frisingensibus</span> <span class='ocrx_word' id='word_1_189' title='bbox 1615 1208 1900 1257; x_wconf 82' lang='lat' dir='ltr'>contingatur,</span> <span class='ocrx_word' id='word_1_190' title='bbox 1937 1208 2039 1246; x_wconf 89' lang='lat' dir='ltr'>certi</span> <span class='ocrx_word' id='word_1_191' title='bbox 2081 1208 2310 1258; x_wconf 86' lang='lat' dir='ltr'>quicquam</span> <span class='ocrx_word' id='word_1_192' title='bbox 2352 1209 2450 1248; x_wconf 92' lang='lat' dir='ltr'>sciri</span> <span class='ocrx_word' id='word_1_193' title='bbox 2492 1210 2650 1259; x_wconf 84' lang='lat' dir='ltr'>nequit.</span> 
     </span>
     <span class='ocr_line' id='line_1_16' title="bbox 306 1269 2446 1324; baseline 0.001 -13"><span class='ocrx_word' id='word_1_194' title='bbox 306 1273 418 1311; x_wconf 85' lang='lat' dir='ltr'>Haec</span> <span class='ocrx_word' id='word_1_195' title='bbox 447 1271 588 1310; x_wconf 91' lang='lat' dir='ltr'>omnia</span> <span class='ocrx_word' id='word_1_196' title='bbox 616 1282 640 1309; x_wconf 89' lang='lat' dir='ltr'>a</span> <span class='ocrx_word' id='word_1_197' title='bbox 668 1269 925 1309; x_wconf 89' lang='lat' dir='ltr'>Baehrensio</span> <span class='ocrx_word' id='word_1_198' title='bbox 954 1272 1077 1320; x_wconf 91' lang='lat' dir='ltr'>plane</span> <span class='ocrx_word' id='word_1_199' title='bbox 1105 1272 1314 1321; x_wconf 88' lang='lat' dir='ltr'>pleneque</span> <span class='ocrx_word' id='word_1_200' title='bbox 1343 1273 1532 1321; x_wconf 84' lang='lat' dir='ltr'>exposita</span> <span class='ocrx_word' id='word_1_201' title='bbox 1561 1277 1678 1312; x_wconf 85' lang='lat' dir='ltr'>extra</span> <span class='ocrx_word' id='word_1_202' title='bbox 1706 1272 1978 1312; x_wconf 87' lang='lat' dir='ltr'>dubitationis</span> <span class='ocrx_word' id='word_1_203' title='bbox 2006 1273 2142 1312; x_wconf 90' lang='lat' dir='ltr'>aleam</span> <span class='ocrx_word' id='word_1_204' title='bbox 2172 1275 2309 1324; x_wconf 88' lang='lat' dir='ltr'>posita</span> <span class='ocrx_word' id='word_1_205' title='bbox 2337 1278 2446 1314; x_wconf 87' lang='lat' dir='ltr'>sunt.</span> 
     </span>
    </p>

    <p class='ocr_par' dir='ltr' id='par_1_3' title="bbox 302 1335 2653 2825">
     <span class='ocr_line' id='line_1_17' title="bbox 447 1335 2647 1387; baseline 0.001 -11"><span class='ocrx_word' id='word_1_206' title='bbox 447 1337 580 1376; x_wconf 86' lang='lat' dir='ltr'>Aliter</span> <span class='ocrx_word' id='word_1_207' title='bbox 621 1340 763 1375; x_wconf 90' lang='lat' dir='ltr'>autem</span> <span class='ocrx_word' id='word_1_208' title='bbox 805 1347 875 1379; x_wconf 87' lang='lat' dir='ltr'>res</span> <span class='ocrx_word' id='word_1_209' title='bbox 916 1347 963 1375; x_wconf 93' lang='lat' dir='ltr'>se</span> <span class='ocrx_word' id='word_1_210' title='bbox 1005 1335 1145 1385; x_wconf 87' lang='lat' dir='ltr'>habet,</span> <span class='ocrx_word' id='word_1_211' title='bbox 1188 1337 1223 1375; x_wconf 90' lang='lat' dir='ltr'>si</span> <span class='ocrx_word' id='word_1_212' title='bbox 1262 1338 1517 1386; x_wconf 81' lang='lat' dir='ltr'>quaerimuS,</span> <span class='ocrx_word' id='word_1_213' title='bbox 1555 1348 1663 1387; x_wconf 89' lang='lat' dir='ltr'>quae</span> <span class='ocrx_word' id='word_1_214' title='bbox 1699 1338 1804 1377; x_wconf 89' lang='lat' dir='ltr'>ratio</span> <span class='ocrx_word' id='word_1_215' title='bbox 1842 1339 2074 1377; x_wconf 84' lang='lat' dir='ltr'>intercedat</span> <span class='ocrx_word' id='word_1_216' title='bbox 2108 1339 2217 1378; x_wconf 88' lang='lat' dir='ltr'>inter</span> <span class='ocrx_word' id='word_1_217' title='bbox 2253 1338 2357 1378; x_wconf 92' lang='lat' dir='ltr'>duas</span> <span class='ocrx_word' id='word_1_218' title='bbox 2393 1339 2486 1379; x_wconf 89' lang='lat' dir='ltr'>illas</span> <span class='ocrx_word' id='word_1_219' title='bbox 2524 1338 2647 1378; x_wconf 90' lang='lat' dir='ltr'>codd.</span> 
     </span>
     <span class='ocr_line' id='line_1_18' title="bbox 304 1400 2652 1453; baseline 0.001 -11"><span class='ocrx_word' id='word_1_220' title='bbox 304 1403 483 1443; x_wconf 85' lang='lat' dir='ltr'>familias</span> <span class='ocrx_word' id='word_1_221' title='bbox 520 1402 555 1441; x_wconf 89' lang='lat' dir='ltr'>G</span> <span class='ocrx_word' id='word_1_222' title='bbox 592 1400 720 1453; x_wconf 90' lang='lat' dir='ltr'>(Par.)</span> <span class='ocrx_word' id='word_1_223' title='bbox 759 1406 799 1441; x_wconf 85' lang='lat' dir='ltr'>et</span> <span class='ocrx_word' id='word_1_224' title='bbox 836 1402 917 1450; x_wconf 89' lang='lat' dir='ltr'>AV,</span> <span class='ocrx_word' id='word_1_225' title='bbox 953 1406 1046 1441; x_wconf 87' lang='lat' dir='ltr'>utra</span> <span class='ocrx_word' id='word_1_226' title='bbox 1074 1403 1116 1441; x_wconf 93' lang='lat' dir='ltr'>in</span> <span class='ocrx_word' id='word_1_227' title='bbox 1144 1406 1207 1441; x_wconf 90' lang='lat' dir='ltr'>tot</span> <span class='ocrx_word' id='word_1_228' title='bbox 1235 1405 1407 1452; x_wconf 87' lang='lat' dir='ltr'>tamque</span> <span class='ocrx_word' id='word_1_229' title='bbox 1437 1402 1635 1452; x_wconf 82' lang='lat' dir='ltr'>gravibus</span> <span class='ocrx_word' id='word_1_230' title='bbox 1671 1402 2011 1442; x_wconf 86' lang='lat' dir='ltr'>testimoniorum</span> <span class='ocrx_word' id='word_1_231' title='bbox 2049 1402 2341 1453; x_wconf 90' lang='lat' dir='ltr'>discrepantiis</span> <span class='ocrx_word' id='word_1_232' title='bbox 2376 1404 2565 1444; x_wconf 87' lang='lat' dir='ltr'>alterutri</span> <span class='ocrx_word' id='word_1_233' title='bbox 2599 1405 2652 1444; x_wconf 89' lang='lat' dir='ltr'>sit</span> 
     </span>
     <span class='ocr_line' id='line_1_19' title="bbox 304 1466 2649 1520; baseline 0 -12"><span class='ocrx_word' id='word_1_234' title='bbox 304 1468 592 1520; x_wconf 88' lang='lat' dir='ltr'>praeferenda.</span> <span class='ocrx_word' id='word_1_235' title='bbox 657 1468 718 1506; x_wconf 93' lang='lat' dir='ltr'>Ac</span> <span class='ocrx_word' id='word_1_236' title='bbox 746 1466 1094 1507; x_wconf 89' lang='lat' dir='ltr'>Baehrensius</span> <span class='ocrx_word' id='word_1_237' title='bbox 1124 1467 1295 1517; x_wconf 88' lang='lat' dir='ltr'>quidem</span> <span class='ocrx_word' id='word_1_238' title='bbox 1331 1468 1422 1507; x_wconf 89' lang='lat' dir='ltr'>cod.</span> <span class='ocrx_word' id='word_1_239' title='bbox 1453 1466 1503 1506; x_wconf 90' lang='lat' dir='ltr'>G.</span> <span class='ocrx_word' id='word_1_240' title='bbox 1535 1468 1719 1517; x_wconf 89' lang='lat' dir='ltr'>palmam</span> <span class='ocrx_word' id='word_1_241' title='bbox 1754 1469 1836 1517; x_wconf 91' lang='lat' dir='ltr'>dat,</span> <span class='ocrx_word' id='word_1_242' title='bbox 1866 1472 2011 1518; x_wconf 89' lang='lat' dir='ltr'>utpote</span> <span class='ocrx_word' id='word_1_243' title='bbox 2040 1469 2111 1518; x_wconf 90' lang='lat' dir='ltr'>qui</span> <span class='ocrx_word' id='word_1_244' title='bbox 2141 1479 2192 1508; x_wconf 86' lang='lat' dir='ltr'>ex</span> <span class='ocrx_word' id='word_1_245' title='bbox 2219 1474 2388 1509; x_wconf 87' lang='lat' dir='ltr'>vetusto</span> <span class='ocrx_word' id='word_1_246' title='bbox 2418 1469 2649 1520; x_wconf 86' lang='lat' dir='ltr'>exemplari</span> 
     </span>
     <span class='ocr_line' id='line_1_20' title="bbox 305 1532 2650 1588; baseline -0 -13"><span class='ocrx_word' id='word_1_247' title='bbox 305 1536 451 1588; x_wconf 88' lang='lat' dir='ltr'>(saecl.</span> <span class='ocrx_word' id='word_1_248' title='bbox 483 1535 520 1573; x_wconf 89' lang='lat' dir='ltr'>X</span> <span class='ocrx_word' id='word_1_249' title='bbox 548 1535 618 1573; x_wconf 90' lang='lat' dir='ltr'>vel</span> <span class='ocrx_word' id='word_1_250' title='bbox 647 1534 720 1584; x_wconf 87' lang='lat' dir='ltr'>XI)</span> <span class='ocrx_word' id='word_1_251' title='bbox 740 1534 985 1573; x_wconf 89' lang='lat' dir='ltr'>fidelissime</span> <span class='ocrx_word' id='word_1_252' title='bbox 1016 1538 1211 1574; x_wconf 82' lang='lat' dir='ltr'>exaratus</span> <span class='ocrx_word' id='word_1_253' title='bbox 1240 1535 1342 1574; x_wconf 91' lang='lat' dir='ltr'>nulli</span> <span class='ocrx_word' id='word_1_254' title='bbox 1363 1535 1695 1584; x_wconf 86' lang='lat' dir='ltr'>interpolationis</span> <span class='ocrx_word' id='word_1_255' title='bbox 1715 1534 1921 1574; x_wconf 86' lang='lat' dir='ltr'>obnoxius</span> <span class='ocrx_word' id='word_1_256' title='bbox 1949 1534 2003 1572; x_wconf 90' lang='lat' dir='ltr'>sit</span> <span class='ocrx_word' id='word_1_257' title='bbox 2030 1532 2312 1585; x_wconf 80' lang='lat' dir='ltr'>suspicioni,4)</span> <span class='ocrx_word' id='word_1_258' title='bbox 2341 1545 2438 1575; x_wconf 92' lang='lat' dir='ltr'>cum</span> <span class='ocrx_word' id='word_1_259' title='bbox 2466 1536 2515 1585; x_wconf 92' lang='lat' dir='ltr'>is,</span> <span class='ocrx_word' id='word_1_260' title='bbox 2538 1535 2650 1575; x_wconf 90' lang='lat' dir='ltr'>unde</span> 
     </span>
     <span class='ocr_line' id='line_1_21' title="bbox 305 1598 2648 1651; baseline 0 -11"><span class='ocrx_word' id='word_1_261' title='bbox 305 1600 426 1640; x_wconf 89' lang='lat' dir='ltr'>codd.</span> <span class='ocrx_word' id='word_1_262' title='bbox 453 1600 523 1639; x_wconf 90' lang='lat' dir='ltr'>AV</span> <span class='ocrx_word' id='word_1_263' title='bbox 543 1599 714 1638; x_wconf 88' lang='lat' dir='ltr'>deducti</span> <span class='ocrx_word' id='word_1_264' title='bbox 742 1598 837 1648; x_wconf 88' lang='lat' dir='ltr'>sint,</span> <span class='ocrx_word' id='word_1_265' title='bbox 867 1599 1002 1638; x_wconf 84' lang='lat' dir='ltr'>codex</span> <span class='ocrx_word' id='word_1_266' title='bbox 1035 1599 1179 1650; x_wconf 91' lang='lat' dir='ltr'>(saecl.</span> <span class='ocrx_word' id='word_1_267' title='bbox 1220 1600 1293 1639; x_wconf 90' lang='lat' dir='ltr'>XII</span> <span class='ocrx_word' id='word_1_268' title='bbox 1329 1600 1398 1639; x_wconf 86' lang='lat' dir='ltr'>vel</span> <span class='ocrx_word' id='word_1_269' title='bbox 1437 1599 1550 1648; x_wconf 87' lang='lat' dir='ltr'>XIII)</span> <span class='ocrx_word' id='word_1_270' title='bbox 1580 1610 1709 1649; x_wconf 86' lang='lat' dir='ltr'>saepe</span> <span class='ocrx_word' id='word_1_271' title='bbox 1748 1599 1907 1638; x_wconf 89' lang='lat' dir='ltr'>librarii</span> <span class='ocrx_word' id='word_1_272' title='bbox 1935 1600 2279 1650; x_wconf 89' lang='lat' dir='ltr'>interpolationes</span> <span class='ocrx_word' id='word_1_273' title='bbox 2309 1605 2507 1651; x_wconf 87' lang='lat' dir='ltr'>expertus</span> <span class='ocrx_word' id='word_1_274' title='bbox 2535 1601 2601 1649; x_wconf 88' lang='lat' dir='ltr'>sit,</span> <span class='ocrx_word' id='word_1_275' title='bbox 2613 1599 2648 1650; x_wconf 75' lang='lat'>5)</span> 
     </span>
     <span class='ocr_line' id='line_1_22' title="bbox 305 1664 2650 1717; baseline -0 -11"><span class='ocrx_word' id='word_1_276' title='bbox 305 1667 444 1717; x_wconf 89' lang='lat' dir='ltr'>quade</span> <span class='ocrx_word' id='word_1_277' title='bbox 485 1676 531 1704; x_wconf 92' lang='lat' dir='ltr'>re</span> <span class='ocrx_word' id='word_1_278' title='bbox 567 1665 659 1703; x_wconf 90' lang='lat' dir='ltr'>sine</span> <span class='ocrx_word' id='word_1_279' title='bbox 695 1665 957 1714; x_wconf 83' lang='lat' dir='ltr'>arrogantiae</span> <span class='ocrx_word' id='word_1_280' title='bbox 992 1665 1178 1714; x_wconf 90' lang='lat' dir='ltr'>periculo</span> <span class='ocrx_word' id='word_1_281' title='bbox 1220 1676 1267 1704; x_wconf 91' lang='lat' dir='ltr'>se</span> <span class='ocrx_word' id='word_1_282' title='bbox 1308 1669 1427 1715; x_wconf 91' lang='lat' dir='ltr'>putat</span> <span class='ocrx_word' id='word_1_283' title='bbox 1462 1675 1588 1714; x_wconf 91' lang='lat' dir='ltr'>posse</span> <span class='ocrx_word' id='word_1_284' title='bbox 1624 1664 1884 1704; x_wconf 88' lang='lat' dir='ltr'>contendere</span> <span class='ocrx_word' id='word_1_285' title='bbox 1920 1664 2019 1704; x_wconf 93' lang='lat' dir='ltr'>inde</span> <span class='ocrx_word' id='word_1_286' title='bbox 2055 1677 2080 1704; x_wconf 91' lang='lat' dir='ltr'>a</span> <span class='ocrx_word' id='word_1_287' title='bbox 2107 1665 2306 1715; x_wconf 85' lang='lat' dir='ltr'>Scaligeri</span> <span class='ocrx_word' id='word_1_288' title='bbox 2344 1665 2528 1706; x_wconf 85' lang='lat' dir='ltr'>editione</span> <span class='ocrx_word' id='word_1_289' title='bbox 2564 1677 2650 1705; x_wconf 91' lang='lat' dir='ltr'>non</span> 
     </span>
     <span class='ocr_line' id='line_1_23' title="bbox 304 1728 2651 1782; baseline 0 -12"><span class='ocrx_word' id='word_1_290' title='bbox 304 1732 439 1770; x_wconf 88' lang='lat' dir='ltr'>maius</span> <span class='ocrx_word' id='word_1_291' title='bbox 475 1729 811 1769; x_wconf 90' lang='lat' dir='ltr'>emolumentum</span> <span class='ocrx_word' id='word_1_292' title='bbox 839 1728 1101 1768; x_wconf 85' lang='lat' dir='ltr'>redundasse</span> <span class='ocrx_word' id='word_1_293' title='bbox 1138 1730 1177 1768; x_wconf 93' lang='lat' dir='ltr'>in</span> <span class='ocrx_word' id='word_1_294' title='bbox 1209 1730 1338 1768; x_wconf 91' lang='lat' dir='ltr'>crisin</span> <span class='ocrx_word' id='word_1_295' title='bbox 1375 1729 1652 1769; x_wconf 90' lang='lat' dir='ltr'>Tibullianam</span> <span class='ocrx_word' id='word_1_296' title='bbox 1696 1740 1824 1779; x_wconf 89' lang='lat' dir='ltr'>quam</span> <span class='ocrx_word' id='word_1_297' title='bbox 1861 1730 2093 1779; x_wconf 89' lang='lat' dir='ltr'>reciperato</span> <span class='ocrx_word' id='word_1_298' title='bbox 2122 1741 2147 1769; x_wconf 89' lang='lat' dir='ltr'>a</span> <span class='ocrx_word' id='word_1_299' title='bbox 2179 1740 2226 1769; x_wconf 90' lang='lat' dir='ltr'>se</span> <span class='ocrx_word' id='word_1_300' title='bbox 2261 1730 2367 1770; x_wconf 90' lang='lat' dir='ltr'>libro</span> <span class='ocrx_word' id='word_1_301' title='bbox 2404 1729 2651 1782; x_wconf 84' lang='lat' dir='ltr'>Guelferby-</span> 
     </span>
     <span class='ocr_line' id='line_1_24' title="bbox 303 1792 2652 1846; baseline 0 -11"><span class='ocrx_word' id='word_1_302' title='bbox 303 1794 461 1846; x_wconf 75' lang='lat' dir='ltr'>tano.⁶)</span> <span class='ocrx_word' id='word_1_303' title='bbox 515 1795 661 1844; x_wconf 88' lang='lat' dir='ltr'>Itaque</span> <span class='ocrx_word' id='word_1_304' title='bbox 697 1792 809 1832; x_wconf 91' lang='lat' dir='ltr'>hanc</span> <span class='ocrx_word' id='word_1_305' title='bbox 844 1794 1053 1833; x_wconf 88' lang='lat' dir='ltr'>tractandi</span> <span class='ocrx_word' id='word_1_306' title='bbox 1089 1795 1200 1833; x_wconf 87' lang='lat' dir='ltr'>viam</span> <span class='ocrx_word' id='word_1_307' title='bbox 1237 1799 1366 1845; x_wconf 88' lang='lat' dir='ltr'>atque</span> <span class='ocrx_word' id='word_1_308' title='bbox 1396 1796 1600 1834; x_wconf 90' lang='lat' dir='ltr'>rationem</span> <span class='ocrx_word' id='word_1_309' title='bbox 1631 1799 1778 1834; x_wconf 91' lang='lat' dir='ltr'>censet</span> <span class='ocrx_word' id='word_1_310' title='bbox 1816 1795 2117 1835; x_wconf 88' lang='lat' dir='ltr'>instituendam</span> <span class='ocrx_word' id='word_1_311' title='bbox 2153 1806 2267 1835; x_wconf 88' lang='lat' dir='ltr'>esse:</span> <span class='ocrx_word' id='word_1_312' title='bbox 2297 1795 2402 1844; x_wconf 87' lang='lat' dir='ltr'>„Ubi</span> <span class='ocrx_word' id='word_1_313' title='bbox 2440 1795 2475 1835; x_wconf 93' lang='lat' dir='ltr'>G</span> <span class='ocrx_word' id='word_1_314' title='bbox 2504 1800 2547 1836; x_wconf 89' lang='lat' dir='ltr'>et</span> <span class='ocrx_word' id='word_1_315' title='bbox 2581 1796 2652 1836; x_wconf 92' lang='lat' dir='ltr'>AV</span> 
     </span>
     <span class='ocr_line' id='line_1_25' title="bbox 304 1858 2651 1911; baseline 0.001 -11"><span class='ocrx_word' id='word_1_316' title='bbox 304 1862 413 1900; x_wconf 91' lang='lat' dir='ltr'>inter</span> <span class='ocrx_word' id='word_1_317' title='bbox 440 1871 487 1900; x_wconf 93' lang='lat' dir='ltr'>se</span> <span class='ocrx_word' id='word_1_318' title='bbox 516 1859 779 1908; x_wconf 89' lang='lat' dir='ltr'>dissentiunt,</span> <span class='ocrx_word' id='word_1_319' title='bbox 809 1858 874 1898; x_wconf 92' lang='lat' dir='ltr'>his</span> <span class='ocrx_word' id='word_1_320' title='bbox 908 1859 996 1899; x_wconf 90' lang='lat' dir='ltr'>fere</span> <span class='ocrx_word' id='word_1_321' title='bbox 1031 1859 1318 1909; x_wconf 80' lang='lat' dir='ltr'>diffidendum,</span> <span class='ocrx_word' id='word_1_322' title='bbox 1347 1860 1400 1899; x_wconf 90' lang='lat' dir='ltr'>ab</span> <span class='ocrx_word' id='word_1_323' title='bbox 1435 1861 1505 1900; x_wconf 94' lang='lat' dir='ltr'>illo</span> <span class='ocrx_word' id='word_1_324' title='bbox 1546 1864 1689 1900; x_wconf 91' lang='lat' dir='ltr'>autem</span> <span class='ocrx_word' id='word_1_325' title='bbox 1724 1860 1803 1899; x_wconf 89' lang='lat' dir='ltr'>nisi</span> <span class='ocrx_word' id='word_1_326' title='bbox 1837 1859 1891 1899; x_wconf 91' lang='lat' dir='ltr'>ob</span> <span class='ocrx_word' id='word_1_327' title='bbox 1926 1871 2077 1900; x_wconf 86' lang='lat' dir='ltr'>causas</span> <span class='ocrx_word' id='word_1_328' title='bbox 2113 1860 2382 1911; x_wconf 83' lang='lat' dir='ltr'>gravissimas</span> <span class='ocrx_word' id='word_1_329' title='bbox 2416 1872 2500 1901; x_wconf 90' lang='lat' dir='ltr'>non</span> <span class='ocrx_word' id='word_1_330' title='bbox 2535 1872 2651 1902; x_wconf 87' lang='lat' dir='ltr'>rece-</span> 
     </span>
     <span class='ocr_line' id='line_1_26' title="bbox 305 1924 2650 1976; baseline 0.001 -11"><span class='ocrx_word' id='word_1_331' title='bbox 305 1926 492 1965; x_wconf 89' lang='lat' dir='ltr'>dendum</span> <span class='ocrx_word' id='word_1_332' title='bbox 526 1926 722 1974; x_wconf 87' lang='lat' dir='ltr'>illiusque</span> <span class='ocrx_word' id='word_1_333' title='bbox 762 1925 992 1974; x_wconf 89' lang='lat' dir='ltr'>scripturas</span> <span class='ocrx_word' id='word_1_334' title='bbox 1031 1935 1106 1974; x_wconf 91' lang='lat' dir='ltr'>pro</span> <span class='ocrx_word' id='word_1_335' title='bbox 1143 1925 1353 1975; x_wconf 84' lang='lat' dir='ltr'>germanis</span> <span class='ocrx_word' id='word_1_336' title='bbox 1389 1927 1626 1965; x_wconf 86' lang='lat' dir='ltr'>communis</span> <span class='ocrx_word' id='word_1_337' title='bbox 1670 1926 1838 1975; x_wconf 89' lang='lat' dir='ltr'>utrique</span> <span class='ocrx_word' id='word_1_338' title='bbox 1880 1924 2096 1976; x_wconf 81' lang='lat' dir='ltr'>archetypi</span> <span class='ocrx_word' id='word_1_339' title='bbox 2138 1925 2390 1965; x_wconf 88' lang='lat' dir='ltr'>lectionibus</span> <span class='ocrx_word' id='word_1_340' title='bbox 2431 1925 2650 1968; x_wconf 86' lang='lat' dir='ltr'>habendas</span> 
     </span>
     <span class='ocr_line' id='line_1_27' title="bbox 305 1988 2650 2044; baseline 0 -13"><span class='ocrx_word' id='word_1_341' title='bbox 305 1989 479 2041; x_wconf 84' lang='lat' dir='ltr'>esse.“7)</span> <span class='ocrx_word' id='word_1_342' title='bbox 527 1991 633 2030; x_wconf 91' lang='lat' dir='ltr'>Huic</span> <span class='ocrx_word' id='word_1_343' title='bbox 662 2002 686 2029; x_wconf 88' lang='lat' dir='ltr'>a</span> <span class='ocrx_word' id='word_1_344' title='bbox 715 1988 973 2029; x_wconf 85' lang='lat' dir='ltr'>Baehrensio</span> <span class='ocrx_word' id='word_1_345' title='bbox 1003 1989 1056 2029; x_wconf 89' lang='lat' dir='ltr'>de</span> <span class='ocrx_word' id='word_1_346' title='bbox 1080 1990 1172 2030; x_wconf 94' lang='lat' dir='ltr'>cod.</span> <span class='ocrx_word' id='word_1_347' title='bbox 1216 1991 1250 2031; x_wconf 91' lang='lat' dir='ltr'>G</span> <span class='ocrx_word' id='word_1_348' title='bbox 1278 1992 1440 2042; x_wconf 88' lang='lat' dir='ltr'>prolato</span> <span class='ocrx_word' id='word_1_349' title='bbox 1478 1992 1632 2031; x_wconf 92' lang='lat' dir='ltr'>iudicio</span> <span class='ocrx_word' id='word_1_350' title='bbox 1664 1992 1942 2042; x_wconf 86' lang='lat' dir='ltr'>adstipulatus</span> <span class='ocrx_word' id='word_1_351' title='bbox 1978 1996 2044 2032; x_wconf 91' lang='lat' dir='ltr'>est</span> <span class='ocrx_word' id='word_1_352' title='bbox 2079 1993 2126 2032; x_wconf 88' lang='lat' dir='ltr'>K.</span> <span class='ocrx_word' id='word_1_353' title='bbox 2162 1993 2206 2031; x_wconf 91' lang='lat' dir='ltr'>P.</span> <span class='ocrx_word' id='word_1_354' title='bbox 2245 1991 2538 2042; x_wconf 87' lang='lat' dir='ltr'>Schulzius,</span> <span class='ocrx_word' id='word_1_355' title='bbox 2581 1994 2650 2044; x_wconf 87' lang='lat' dir='ltr'>qui</span> 
     </span>
     <span class='ocr_line' id='line_1_28' title="bbox 304 2054 2651 2109; baseline 0.001 -13"><span class='ocrx_word' id='word_1_356' title='bbox 304 2057 532 2096; x_wconf 90' lang='lat' dir='ltr'>editionem</span> <span class='ocrx_word' id='word_1_357' title='bbox 567 2054 923 2095; x_wconf 88' lang='lat' dir='ltr'>Baehrensianam</span> <span class='ocrx_word' id='word_1_358' title='bbox 959 2056 1173 2095; x_wconf 86' lang='lat' dir='ltr'>recensuit</span> <span class='ocrx_word' id='word_1_359' title='bbox 1206 2057 1249 2095; x_wconf 91' lang='lat' dir='ltr'>in</span> <span class='ocrx_word' id='word_1_360' title='bbox 1286 2055 1570 2107; x_wconf 90' lang='lat' dir='ltr'>ephemeride,</span> <span class='ocrx_word' id='word_1_361' title='bbox 1607 2068 1715 2107; x_wconf 88' lang='lat' dir='ltr'>quae</span> <span class='ocrx_word' id='word_1_362' title='bbox 1745 2057 1895 2097; x_wconf 87' lang='lat' dir='ltr'>dicitur</span> <span class='ocrx_word' id='word_1_363' title='bbox 1928 2057 2256 2106; x_wconf 82' lang='lat' dir='ltr'>„zeitschrift</span> <span class='ocrx_word' id='word_1_364' title='bbox 2285 2058 2366 2097; x_wconf 76' lang='lat' dir='ltr'>fiir</span> <span class='ocrx_word' id='word_1_365' title='bbox 2394 2057 2482 2097; x_wconf 90' lang='lat' dir='ltr'>das</span> <span class='ocrx_word' id='word_1_366' title='bbox 2511 2057 2651 2109; x_wconf 87' lang='lat' dir='ltr'>Gym-</span> 
     </span>
     <span class='ocr_line' id='line_1_29' title="bbox 304 2119 2652 2174; baseline 0.001 -14"><span class='ocrx_word' id='word_1_367' title='bbox 304 2121 686 2161; x_wconf 84' lang='lat' dir='ltr'>nasialwesen“</span> <span class='ocrx_word' id='word_1_368' title='bbox 717 2132 751 2159; x_wconf 88' lang='lat' dir='ltr'>a.</span> <span class='ocrx_word' id='word_1_369' title='bbox 783 2119 900 2168; x_wconf 84' lang='grc'>1878,</span> <span class='ocrx_word' id='word_1_370' title='bbox 928 2119 999 2159; x_wconf 89' lang='lat' dir='ltr'>ubi</span> <span class='ocrx_word' id='word_1_371' title='bbox 1029 2121 1111 2160; x_wconf 89' lang='lat' dir='ltr'>vid.</span> <span class='ocrx_word' id='word_1_372' title='bbox 1143 2132 1182 2171; x_wconf 89' lang='lat' dir='ltr'>p.</span> <span class='ocrx_word' id='word_1_373' title='bbox 1211 2121 1302 2161; x_wconf 82' lang='lat'>664.</span> <span class='ocrx_word' id='word_1_374' title='bbox 1359 2122 1412 2160; x_wconf 94' lang='lat' dir='ltr'>At</span> <span class='ocrx_word' id='word_1_375' title='bbox 1441 2133 1542 2161; x_wconf 90' lang='lat' dir='ltr'>vero</span> <span class='ocrx_word' id='word_1_376' title='bbox 1570 2121 1652 2162; x_wconf 92' lang='lat' dir='ltr'>hac</span> <span class='ocrx_word' id='word_1_377' title='bbox 1687 2122 1740 2161; x_wconf 91' lang='lat' dir='ltr'>de</span> <span class='ocrx_word' id='word_1_378' title='bbox 1777 2133 1821 2161; x_wconf 89' lang='lat' dir='ltr'>re</span> <span class='ocrx_word' id='word_1_379' title='bbox 1852 2133 2023 2172; x_wconf 88' lang='lat' dir='ltr'>prorsus</span> <span class='ocrx_word' id='word_1_380' title='bbox 2059 2122 2102 2161; x_wconf 91' lang='lat' dir='ltr'>in</span> <span class='ocrx_word' id='word_1_381' title='bbox 2132 2122 2386 2162; x_wconf 80' lang='lat' dir='ltr'>contrariam</span> <span class='ocrx_word' id='word_1_382' title='bbox 2423 2122 2652 2174; x_wconf 87' lang='lat' dir='ltr'>disputavit</span> 
     </span>
     <span class='ocr_line' id='line_1_30' title="bbox 305 2185 2649 2238; baseline 0.001 -12"><span class='ocrx_word' id='word_1_383' title='bbox 305 2191 469 2238; x_wconf 88' lang='lat' dir='ltr'>partem</span> <span class='ocrx_word' id='word_1_384' title='bbox 500 2185 762 2226; x_wconf 87' lang='lat' dir='ltr'>Conradus</span> <span class='ocrx_word' id='word_1_385' title='bbox 795 2185 1155 2236; x_wconf 82' lang='lat' dir='ltr'>Rossbergius,</span> <span class='ocrx_word' id='word_1_386' title='bbox 1186 2187 1257 2236; x_wconf 90' lang='lat' dir='ltr'>qui</span> <span class='ocrx_word' id='word_1_387' title='bbox 1285 2187 1327 2226; x_wconf 93' lang='lat' dir='ltr'>in</span> <span class='ocrx_word' id='word_1_388' title='bbox 1356 2188 1493 2226; x_wconf 89' lang='lat' dir='ltr'>annal.</span> <span class='ocrx_word' id='word_1_389' title='bbox 1522 2186 1663 2237; x_wconf 88' lang='lat' dir='ltr'>philol.</span> <span class='ocrx_word' id='word_1_390' title='bbox 1690 2198 1725 2226; x_wconf 92' lang='lat' dir='ltr'>a.</span> <span class='ocrx_word' id='word_1_391' title='bbox 1751 2187 1858 2228; x_wconf 85' lang='lat'>1879</span> <span class='ocrx_word' id='word_1_392' title='bbox 1893 2187 2016 2227; x_wconf 90' lang='lat' dir='ltr'>editis</span> <span class='ocrx_word' id='word_1_393' title='bbox 2045 2199 2163 2238; x_wconf 83' lang='lat' dir='ltr'>pagg.</span> <span class='ocrx_word' id='word_1_394' title='bbox 2194 2187 2352 2228; x_wconf 83' lang='lat'>71-79</span> <span class='ocrx_word' id='word_1_395' title='bbox 2386 2187 2578 2228; x_wconf 89' lang='lat' dir='ltr'>codicem</span> <span class='ocrx_word' id='word_1_396' title='bbox 2614 2187 2649 2228; x_wconf 93' lang='lat' dir='ltr'>G</span> 
     </span>
     <span class='ocr_line' id='line_1_31' title="bbox 304 2252 2651 2304; baseline 0 -11"><span class='ocrx_word' id='word_1_397' title='bbox 304 2259 507 2304; x_wconf 86' lang='lat' dir='ltr'>tanquam</span> <span class='ocrx_word' id='word_1_398' title='bbox 551 2252 944 2302; x_wconf 88' lang='lat' dir='ltr'>interpolationibus</span> <span class='ocrx_word' id='word_1_399' title='bbox 987 2253 1154 2303; x_wconf 84' lang='lat' dir='ltr'>egregie</span> <span class='ocrx_word' id='word_1_400' title='bbox 1200 2253 1476 2303; x_wconf 90' lang='lat' dir='ltr'>depravatum</span> <span class='ocrx_word' id='word_1_401' title='bbox 1512 2253 1726 2304; x_wconf 88' lang='lat' dir='ltr'>propriam</span> <span class='ocrx_word' id='word_1_402' title='bbox 1774 2257 1902 2302; x_wconf 88' lang='lat' dir='ltr'>atque</span> <span class='ocrx_word' id='word_1_403' title='bbox 1937 2252 2195 2303; x_wconf 90' lang='lat' dir='ltr'>peculiarem</span> <span class='ocrx_word' id='word_1_404' title='bbox 2239 2253 2533 2294; x_wconf 83' lang='lat' dir='ltr'>auctoritatem</span> <span class='ocrx_word' id='word_1_405' title='bbox 2569 2253 2651 2294; x_wconf 83' lang='lat' dir='ltr'>sibi</span> 
     </span>
     <span class='ocr_line' id='line_1_32' title="bbox 303 2317 2653 2368; baseline 0 -10"><span class='ocrx_word' id='word_1_406' title='bbox 303 2319 519 2358; x_wconf 81' lang='lat' dir='ltr'>vindicare</span> <span class='ocrx_word' id='word_1_407' title='bbox 548 2318 728 2368; x_wconf 84' lang='lat' dir='ltr'>negavit,</span> <span class='ocrx_word' id='word_1_408' title='bbox 758 2317 879 2357; x_wconf 90' lang='lat' dir='ltr'>codd.</span> <span class='ocrx_word' id='word_1_409' title='bbox 909 2322 1052 2357; x_wconf 89' lang='lat' dir='ltr'>autem</span> <span class='ocrx_word' id='word_1_410' title='bbox 1083 2318 1166 2367; x_wconf 89' lang='lat' dir='ltr'>AV,</span> <span class='ocrx_word' id='word_1_411' title='bbox 1196 2319 1351 2368; x_wconf 89' lang='lat' dir='ltr'>quippe</span> <span class='ocrx_word' id='word_1_412' title='bbox 1380 2319 1451 2368; x_wconf 90' lang='lat' dir='ltr'>qui</span> <span class='ocrx_word' id='word_1_413' title='bbox 1477 2318 1725 2358; x_wconf 86' lang='lat' dir='ltr'>fidelissime</span> <span class='ocrx_word' id='word_1_414' title='bbox 1753 2318 1971 2368; x_wconf 85' lang='lat' dir='ltr'>propagati</span> <span class='ocrx_word' id='word_1_415' title='bbox 1999 2329 2054 2358; x_wconf 92' lang='lat' dir='ltr'>ne</span> <span class='ocrx_word' id='word_1_416' title='bbox 2081 2318 2299 2357; x_wconf 90' lang='lat' dir='ltr'>minimam</span> <span class='ocrx_word' id='word_1_417' title='bbox 2328 2317 2499 2368; x_wconf 86' lang='lat' dir='ltr'>quidem</span> <span class='ocrx_word' id='word_1_418' title='bbox 2525 2319 2653 2358; x_wconf 90' lang='lat' dir='ltr'>inter-</span> 
     </span>
     <span class='ocr_line' id='line_1_33' title="bbox 304 2381 2652 2434; baseline -0 -11"><span class='ocrx_word' id='word_1_419' title='bbox 304 2383 525 2434; x_wconf 90' lang='lat' dir='ltr'>polationis</span> <span class='ocrx_word' id='word_1_420' title='bbox 554 2394 655 2433; x_wconf 90' lang='lat' dir='ltr'>prae</span> <span class='ocrx_word' id='word_1_421' title='bbox 690 2394 737 2422; x_wconf 89' lang='lat' dir='ltr'>se</span> <span class='ocrx_word' id='word_1_422' title='bbox 768 2384 928 2422; x_wconf 88' lang='lat' dir='ltr'>ferrent</span> <span class='ocrx_word' id='word_1_423' title='bbox 956 2384 1156 2433; x_wconf 89' lang='lat' dir='ltr'>speciem,</span> <span class='ocrx_word' id='word_1_424' title='bbox 1185 2385 1299 2423; x_wconf 88' lang='lat' dir='ltr'>solos</span> <span class='ocrx_word' id='word_1_425' title='bbox 1333 2395 1407 2434; x_wconf 91' lang='lat' dir='ltr'>pro</span> <span class='ocrx_word' id='word_1_426' title='bbox 1436 2384 1711 2423; x_wconf 87' lang='lat' dir='ltr'>fundamento</span> <span class='ocrx_word' id='word_1_427' title='bbox 1747 2383 1891 2423; x_wconf 91' lang='lat' dir='ltr'>critico</span> <span class='ocrx_word' id='word_1_428' title='bbox 1924 2381 2142 2423; x_wconf 91' lang='lat' dir='ltr'>habendos</span> <span class='ocrx_word' id='word_1_429' title='bbox 2172 2393 2267 2423; x_wconf 87' lang='lat' dir='ltr'>esse</span> <span class='ocrx_word' id='word_1_430' title='bbox 2299 2382 2558 2433; x_wconf 86' lang='lat' dir='ltr'>periclitatus</span> <span class='ocrx_word' id='word_1_431' title='bbox 2586 2387 2652 2423; x_wconf 87' lang='lat' dir='ltr'>est</span> 
     </span>
     <span class='ocr_line' id='line_1_34' title="bbox 305 2446 2650 2500; baseline -0 -12"><span class='ocrx_word' id='word_1_432' title='bbox 305 2449 608 2488; x_wconf 87' lang='lat' dir='ltr'>demonstrare.</span> <span class='ocrx_word' id='word_1_433' title='bbox 657 2448 884 2487; x_wconf 87' lang='lat' dir='ltr'>Contendit</span> <span class='ocrx_word' id='word_1_434' title='bbox 904 2449 1017 2487; x_wconf 91' lang='lat' dir='ltr'>enim</span> <span class='ocrx_word' id='word_1_435' title='bbox 1047 2447 1277 2497; x_wconf 89' lang='lat' dir='ltr'>librarium,</span> <span class='ocrx_word' id='word_1_436' title='bbox 1307 2450 1377 2498; x_wconf 89' lang='lat' dir='ltr'>qui</span> <span class='ocrx_word' id='word_1_437' title='bbox 1398 2448 1554 2487; x_wconf 87' lang='lat' dir='ltr'>codicis</span> <span class='ocrx_word' id='word_1_438' title='bbox 1584 2447 1619 2487; x_wconf 91' lang='lat' dir='ltr'>G</span> <span class='ocrx_word' id='word_1_439' title='bbox 1650 2448 1710 2500; x_wconf 91' lang='lat' dir='ltr'>(et</span> <span class='ocrx_word' id='word_1_440' title='bbox 1729 2458 1819 2487; x_wconf 86' lang='lat' dir='ltr'>exc.</span> <span class='ocrx_word' id='word_1_441' title='bbox 1840 2446 1952 2498; x_wconf 84' lang='lat' dir='ltr'>Par.)</span> <span class='ocrx_word' id='word_1_442' title='bbox 1971 2447 2206 2487; x_wconf 87' lang='lat' dir='ltr'>exaraverit</span> <span class='ocrx_word' id='word_1_443' title='bbox 2233 2450 2467 2497; x_wconf 87' lang='lat' dir='ltr'>parentem,</span> <span class='ocrx_word' id='word_1_444' title='bbox 2487 2457 2566 2498; x_wconf 88' lang='lat' dir='ltr'>pro</span> <span class='ocrx_word' id='word_1_445' title='bbox 2586 2458 2650 2487; x_wconf 89' lang='lat' dir='ltr'>ar-</span> 
     </span>
     <span class='ocr_line' id='line_1_35' title="bbox 302 2511 2652 2563; baseline -0 -10"><span class='ocrx_word' id='word_1_446' title='bbox 302 2514 424 2553; x_wconf 91' lang='lat' dir='ltr'>bitrio</span> <span class='ocrx_word' id='word_1_447' title='bbox 443 2517 605 2552; x_wconf 86' lang='lat' dir='ltr'>textum</span> <span class='ocrx_word' id='word_1_448' title='bbox 626 2512 896 2552; x_wconf 88' lang='lat' dir='ltr'>constituisse</span> <span class='ocrx_word' id='word_1_449' title='bbox 910 2514 1365 2563; x_wconf 88' lang='lat' dir='ltr'>interpolationumque</span> <span class='ocrx_word' id='word_1_450' title='bbox 1381 2514 1491 2553; x_wconf 91' lang='lat' dir='ltr'>mole</span> <span class='ocrx_word' id='word_1_451' title='bbox 1508 2513 1769 2553; x_wconf 84' lang='lat' dir='ltr'>deformasse</span> <span class='ocrx_word' id='word_1_452' title='bbox 1784 2523 1862 2552; x_wconf 90' lang='lat' dir='ltr'>seu</span> <span class='ocrx_word' id='word_1_453' title='bbox 1877 2523 2019 2552; x_wconf 86' lang='lat' dir='ltr'>merae</span> <span class='ocrx_word' id='word_1_454' title='bbox 2034 2523 2136 2552; x_wconf 88' lang='lat' dir='ltr'>suae</span> <span class='ocrx_word' id='word_1_455' title='bbox 2156 2512 2447 2562; x_wconf 84' lang='lat' dir='ltr'>indulgentem</span> <span class='ocrx_word' id='word_1_456' title='bbox 2462 2511 2652 2553; x_wconf 83' lang='lat' dir='ltr'>mutandi</span> 
     </span>
     <span class='ocr_line' id='line_1_36' title="bbox 303 2577 2651 2630; baseline -0 -11"><span class='ocrx_word' id='word_1_457' title='bbox 303 2579 475 2619; x_wconf 90' lang='lat' dir='ltr'>lubidini</span> <span class='ocrx_word' id='word_1_458' title='bbox 491 2590 566 2618; x_wconf 91' lang='lat' dir='ltr'>seu</span> <span class='ocrx_word' id='word_1_459' title='bbox 588 2582 732 2628; x_wconf 88' lang='lat' dir='ltr'>aperta</span> <span class='ocrx_word' id='word_1_460' title='bbox 748 2579 1001 2628; x_wconf 84' lang='lat' dir='ltr'>exemplaris</span> <span class='ocrx_word' id='word_1_461' title='bbox 1019 2579 1084 2617; x_wconf 91' lang='lat' dir='ltr'>sui</span> <span class='ocrx_word' id='word_1_462' title='bbox 1102 2578 1258 2617; x_wconf 92' lang='lat' dir='ltr'>menda</span> <span class='ocrx_word' id='word_1_463' title='bbox 1273 2590 1348 2628; x_wconf 90' lang='lat' dir='ltr'>pro</span> <span class='ocrx_word' id='word_1_464' title='bbox 1364 2579 1471 2618; x_wconf 88' lang='lat' dir='ltr'>virili</span> <span class='ocrx_word' id='word_1_465' title='bbox 1487 2582 1608 2630; x_wconf 88' lang='lat' dir='ltr'>parte</span> <span class='ocrx_word' id='word_1_466' title='bbox 1628 2577 1857 2618; x_wconf 87' lang='lat' dir='ltr'>emendare</span> <span class='ocrx_word' id='word_1_467' title='bbox 1875 2577 2131 2618; x_wconf 89' lang='lat' dir='ltr'>studentem.</span> <span class='ocrx_word' id='word_1_468' title='bbox 2175 2577 2286 2624; x_wconf 89' lang='lat' dir='ltr'>Quas</span> <span class='ocrx_word' id='word_1_469' title='bbox 2306 2577 2651 2629; x_wconf 79' lang='lat' dir='ltr'>interpolationes</span> 
     </span>
     <span class='ocr_line' id='line_1_37' title="bbox 302 2642 2652 2694; baseline -0.001 -10"><span class='ocrx_word' id='word_1_470' title='bbox 302 2655 437 2694; x_wconf 85' lang='lat' dir='ltr'>usque</span> <span class='ocrx_word' id='word_1_471' title='bbox 456 2644 563 2683; x_wconf 91' lang='lat' dir='ltr'>adeo</span> <span class='ocrx_word' id='word_1_472' title='bbox 583 2643 626 2682; x_wconf 91' lang='lat' dir='ltr'>in</span> <span class='ocrx_word' id='word_1_473' title='bbox 646 2643 737 2682; x_wconf 90' lang='lat' dir='ltr'>cod.</span> <span class='ocrx_word' id='word_1_474' title='bbox 759 2642 794 2682; x_wconf 94' lang='lat' dir='ltr'>G</span> <span class='ocrx_word' id='word_1_475' title='bbox 814 2648 1026 2693; x_wconf 84' lang='lat' dir='ltr'>grassatas</span> <span class='ocrx_word' id='word_1_476' title='bbox 1047 2654 1142 2682; x_wconf 90' lang='lat' dir='ltr'>esse</span> <span class='ocrx_word' id='word_1_477' title='bbox 1163 2648 1322 2692; x_wconf 89' lang='lat' dir='ltr'>censet,</span> <span class='ocrx_word' id='word_1_478' title='bbox 1343 2648 1387 2683; x_wconf 92' lang='lat' dir='ltr'>ut</span> <span class='ocrx_word' id='word_1_479' title='bbox 1408 2647 1451 2683; x_wconf 92' lang='lat' dir='ltr'>et</span> <span class='ocrx_word' id='word_1_480' title='bbox 1469 2644 1520 2683; x_wconf 91' lang='lat' dir='ltr'>iis</span> <span class='ocrx_word' id='word_1_481' title='bbox 1541 2644 1657 2692; x_wconf 90' lang='lat' dir='ltr'>locis,</span> <span class='ocrx_word' id='word_1_482' title='bbox 1677 2643 1830 2693; x_wconf 89' lang='lat' dir='ltr'>quibus</span> <span class='ocrx_word' id='word_1_483' title='bbox 1848 2643 2068 2692; x_wconf 90' lang='lat' dir='ltr'>utriusque</span> <span class='ocrx_word' id='word_1_484' title='bbox 2086 2642 2270 2682; x_wconf 89' lang='lat' dir='ltr'>familiae</span> <span class='ocrx_word' id='word_1_485' title='bbox 2285 2643 2489 2683; x_wconf 89' lang='lat' dir='ltr'>lectiones</span> <span class='ocrx_word' id='word_1_486' title='bbox 2503 2646 2652 2693; x_wconf 83' lang='lat' dir='ltr'>suapte</span> 
     </span>
     <span class='ocr_line' id='line_1_38' title="bbox 302 2705 2652 2759; baseline -0.001 -10"><span class='ocrx_word' id='word_1_487' title='bbox 302 2715 450 2749; x_wconf 90' lang='lat' dir='ltr'>natura</span> <span class='ocrx_word' id='word_1_488' title='bbox 469 2709 567 2748; x_wconf 87' lang='lat' dir='ltr'>ferri</span> <span class='ocrx_word' id='word_1_489' title='bbox 584 2712 768 2759; x_wconf 90' lang='lat' dir='ltr'>possent,</span> <span class='ocrx_word' id='word_1_490' title='bbox 789 2708 881 2747; x_wconf 93' lang='lat' dir='ltr'>cod.</span> <span class='ocrx_word' id='word_1_491' title='bbox 904 2708 938 2747; x_wconf 91' lang='lat' dir='ltr'>G</span> <span class='ocrx_word' id='word_1_492' title='bbox 958 2709 1097 2759; x_wconf 91' lang='lat' dir='ltr'>potius</span> <span class='ocrx_word' id='word_1_493' title='bbox 1118 2719 1246 2758; x_wconf 89' lang='lat' dir='ltr'>quam</span> <span class='ocrx_word' id='word_1_494' title='bbox 1266 2708 1386 2747; x_wconf 90' lang='lat' dir='ltr'>codd.</span> <span class='ocrx_word' id='word_1_495' title='bbox 1408 2708 1479 2748; x_wconf 92' lang='lat' dir='ltr'>AV</span> <span class='ocrx_word' id='word_1_496' title='bbox 1491 2708 1735 2748; x_wconf 87' lang='lat' dir='ltr'>testimonia</span> <span class='ocrx_word' id='word_1_497' title='bbox 1754 2708 1796 2747; x_wconf 92' lang='lat' dir='ltr'>in</span> <span class='ocrx_word' id='word_1_498' title='bbox 1812 2708 2096 2758; x_wconf 90' lang='lat' dir='ltr'>suspicionem</span> <span class='ocrx_word' id='word_1_499' title='bbox 2111 2707 2304 2747; x_wconf 89' lang='lat' dir='ltr'>vocanda</span> <span class='ocrx_word' id='word_1_500' title='bbox 2320 2705 2515 2758; x_wconf 80' lang='lat' dir='ltr'>essent.⁸)</span> <span class='ocrx_word' id='word_1_501' title='bbox 2544 2707 2652 2755; x_wconf 85' lang='lat' dir='ltr'>Quid</span> 
     </span>
     <span class='ocr_line' id='line_1_39' title="bbox 303 2772 2651 2825; baseline -0.001 -11"><span class='ocrx_word' id='word_1_502' title='bbox 303 2775 414 2825; x_wconf 87' lang='lat' dir='ltr'>quod</span> <span class='ocrx_word' id='word_1_503' title='bbox 434 2774 715 2825; x_wconf 85' lang='lat' dir='ltr'>Rossbergius</span> <span class='ocrx_word' id='word_1_504' title='bbox 734 2775 892 2822; x_wconf 88' lang='lat' dir='ltr'>statuit,</span> <span class='ocrx_word' id='word_1_505' title='bbox 911 2774 1155 2824; x_wconf 89' lang='lat' dir='ltr'>ubicunque</span> <span class='ocrx_word' id='word_1_506' title='bbox 1174 2774 1267 2814; x_wconf 87' lang='lat' dir='ltr'>cod.</span> <span class='ocrx_word' id='word_1_507' title='bbox 1287 2773 1322 2813; x_wconf 91' lang='lat' dir='ltr'>G</span> <span class='ocrx_word' id='word_1_508' title='bbox 1343 2775 1486 2824; x_wconf 86' lang='lat' dir='ltr'>negari</span> <span class='ocrx_word' id='word_1_509' title='bbox 1515 2777 1698 2824; x_wconf 88' lang='lat' dir='ltr'>nequeat</span> <span class='ocrx_word' id='word_1_510' title='bbox 1718 2773 2061 2824; x_wconf 89' lang='lat' dir='ltr'>anteponendum</span> <span class='ocrx_word' id='word_1_511' title='bbox 2092 2783 2187 2812; x_wconf 90' lang='lat' dir='ltr'>esse</span> <span class='ocrx_word' id='word_1_512' title='bbox 2216 2772 2337 2813; x_wconf 90' lang='lat' dir='ltr'>codd.</span> <span class='ocrx_word' id='word_1_513' title='bbox 2369 2772 2440 2812; x_wconf 89' lang='lat' dir='ltr'>AV</span> <span class='ocrx_word' id='word_1_514' title='bbox 2459 2794 2509 2800; x_wconf 92' lang='lat'>—</span> <span class='ocrx_word' id='word_1_515' title='bbox 2529 2772 2651 2812; x_wconf 86' lang='lat' dir='ltr'>cuius</span> 
     </span>
    </p>
   </div>
   <div class='ocr_carea' id='block_1_3' title="bbox 306 2889 594 2895">
    <p class='ocr_par' dir='ltr' id='par_1_4' title="bbox 306 2889 594 2895">
     <span class='ocr_line' id='line_1_40' title="bbox 306 2889 594 2895; baseline 0 0"><span class='ocrx_word' id='word_1_516' title='bbox 306 2889 594 2895; x_wconf 95' lang='lat' dir='ltr'> </span> 
     </span>
    </p>
   </div>
   <div class='ocr_carea' id='block_1_4' title="bbox 446 2969 1438 3426">
    <p class='ocr_par' dir='ltr' id='par_1_5' title="bbox 451 2969 871 3014">
     <span class='ocr_line' id='line_1_41' title="bbox 451 2969 871 3014; baseline -0.002 -9"><span class='ocrx_word' id='word_1_517' title='bbox 451 2969 477 3013; x_wconf 75' lang='lat'>¹)</span> <span class='ocrx_word' id='word_1_518' title='bbox 503 2970 551 3005; x_wconf 87' lang='lat' dir='ltr'>cf.</span> <span class='ocrx_word' id='word_1_519' title='bbox 577 2969 724 3014; x_wconf 81' lang='lat' dir='ltr'>proleg.</span> <span class='ocrx_word' id='word_1_520' title='bbox 749 2980 787 3014; x_wconf 91' lang='lat' dir='ltr'>p.</span> <span class='ocrx_word' id='word_1_521' title='bbox 816 2969 871 3004; x_wconf 87' lang='grc'>11.</span> 
     </span>
    </p>

    <p class='ocr_par' dir='ltr' id='par_1_6' title="bbox 446 3027 1018 3074">
     <span class='ocr_line' id='line_1_42' title="bbox 446 3027 1018 3074; baseline -0.002 -10"><span class='ocrx_word' id='word_1_522' title='bbox 446 3027 478 3071; x_wconf 73' lang='lat'>²)</span> <span class='ocrx_word' id='word_1_523' title='bbox 503 3029 551 3064; x_wconf 86' lang='lat' dir='ltr'>cf.</span> <span class='ocrx_word' id='word_1_524' title='bbox 584 3028 681 3073; x_wconf 85' lang='lat' dir='ltr'>prol.</span> <span class='ocrx_word' id='word_1_525' title='bbox 712 3039 751 3074; x_wconf 92' lang='lat' dir='ltr'>p.</span> <span class='ocrx_word' id='word_1_526' title='bbox 776 3028 835 3073; x_wconf 90' lang='grc'>11,</span> <span class='ocrx_word' id='word_1_527' title='bbox 860 3028 907 3063; x_wconf 83' lang='grc'>14</span> <span class='ocrx_word' id='word_1_528' title='bbox 932 3038 1018 3073; x_wconf 89' lang='lat' dir='ltr'>sqq.</span> 
     </span>
    </p>

    <p class='ocr_par' dir='ltr' id='par_1_7' title="bbox 449 3086 1438 3191">
     <span class='ocr_line' id='line_1_43' title="bbox 449 3086 1438 3133; baseline 0 -11"><span class='ocrx_word' id='word_1_529' title='bbox 449 3088 477 3130; x_wconf 87' lang='lat'>³)</span> <span class='ocrx_word' id='word_1_530' title='bbox 502 3088 548 3124; x_wconf 85' lang='lat' dir='ltr'>cf.</span> <span class='ocrx_word' id='word_1_531' title='bbox 576 3090 743 3124; x_wconf 85' lang='lat' dir='ltr'>stemma</span> <span class='ocrx_word' id='word_1_532' title='bbox 769 3097 792 3123; x_wconf 89' lang='lat' dir='ltr'>a</span> <span class='ocrx_word' id='word_1_533' title='bbox 817 3087 1062 3124; x_wconf 88' lang='lat' dir='ltr'>Baehrensio</span> <span class='ocrx_word' id='word_1_534' title='bbox 1089 3088 1291 3133; x_wconf 83' lang='lat' dir='ltr'>depictum</span> <span class='ocrx_word' id='word_1_535' title='bbox 1318 3098 1355 3132; x_wconf 94' lang='lat' dir='ltr'>p.</span> <span class='ocrx_word' id='word_1_536' title='bbox 1381 3086 1438 3122; x_wconf 90' lang='grc'>18.</span> 
     </span>
     <span class='ocr_line' id='line_1_44' title="bbox 451 3145 753 3191; baseline -0.003 -10"><span class='ocrx_word' id='word_1_537' title='bbox 451 3146 480 3186; x_wconf 75' lang='lat'>⁴)</span> <span class='ocrx_word' id='word_1_538' title='bbox 508 3146 604 3190; x_wconf 90' lang='lat' dir='ltr'>prol.</span> <span class='ocrx_word' id='word_1_539' title='bbox 632 3156 669 3191; x_wconf 95' lang='lat' dir='ltr'>p.</span> <span class='ocrx_word' id='word_1_540' title='bbox 695 3145 753 3181; x_wconf 86' lang='grc'>15.</span> 
     </span>
    </p>

    <p class='ocr_par' dir='ltr' id='par_1_8' title="bbox 451 3204 748 3250">
     <span class='ocr_line' id='line_1_45' title="bbox 451 3204 748 3250; baseline 0 -11"><span class='ocrx_word' id='word_1_541' title='bbox 451 3204 479 3247; x_wconf 82' lang='lat'>⁵)</span> <span class='ocrx_word' id='word_1_542' title='bbox 504 3204 602 3249; x_wconf 87' lang='lat' dir='ltr'>prol.</span> <span class='ocrx_word' id='word_1_543' title='bbox 628 3215 666 3250; x_wconf 89' lang='lat' dir='ltr'>p.</span> <span class='ocrx_word' id='word_1_544' title='bbox 693 3205 748 3240; x_wconf 83' lang='lat'>17.</span> 
     </span>
    </p>

    <p class='ocr_par' dir='ltr' id='par_1_9' title="bbox 451 3263 750 3308">
     <span class='ocr_line' id='line_1_46' title="bbox 451 3263 750 3308; baseline 0 -9"><span class='ocrx_word' id='word_1_545' title='bbox 451 3263 480 3304; x_wconf 81' lang='lat'>⁶)</span> <span class='ocrx_word' id='word_1_546' title='bbox 504 3265 603 3308; x_wconf 89' lang='lat' dir='ltr'>prol.</span> <span class='ocrx_word' id='word_1_547' title='bbox 631 3274 666 3308; x_wconf 92' lang='lat' dir='ltr'>p.</span> <span class='ocrx_word' id='word_1_548' title='bbox 693 3264 750 3299; x_wconf 90' lang='grc'>16.</span> 
     </span>
    </p>

    <p class='ocr_par' dir='ltr' id='par_1_10' title="bbox 451 3321 750 3368">
     <span class='ocr_line' id='line_1_47' title="bbox 451 3321 750 3368; baseline 0.003 -11"><span class='ocrx_word' id='word_1_549' title='bbox 451 3321 480 3365; x_wconf 89' lang='lat'>⁷)</span> <span class='ocrx_word' id='word_1_550' title='bbox 506 3323 605 3366; x_wconf 88' lang='lat' dir='ltr'>prol.</span> <span class='ocrx_word' id='word_1_551' title='bbox 633 3333 668 3368; x_wconf 90' lang='lat' dir='ltr'>p.</span> <span class='ocrx_word' id='word_1_552' title='bbox 693 3323 750 3358; x_wconf 83' lang='grc'>17.</span> 
     </span>
    </p>

    <p class='ocr_par' dir='ltr' id='par_1_11' title="bbox 452 3380 696 3426">
     <span class='ocr_line' id='line_1_48' title="bbox 452 3380 696 3426; baseline 0.008 -10"><span class='ocrx_word' id='word_1_553' title='bbox 452 3380 479 3425; x_wconf 77' lang='lat'>¹⁵)</span> <span class='ocrx_word' id='word_1_554' title='bbox 505 3382 552 3416; x_wconf 81' lang='lat' dir='ltr'>cf.</span> <span class='ocrx_word' id='word_1_555' title='bbox 580 3393 615 3426; x_wconf 90' lang='lat' dir='ltr'>p.</span> <span class='ocrx_word' id='word_1_556' title='bbox 642 3382 696 3418; x_wconf 81' lang='lat'>75.</span> 
     </span>
    </p>
   </div>
  </div>
 </body>
</html>
