2756 3770
1149 231 1411 270 -417—

98 359 240 410 Atque
278 370 354 410 pro
399 358 624 398 manifesta
662 357 900 408 corruptela
944 356 1175 406 sacrileqis
1213 355 1509 396 Lachmannus
1545 355 1762 394 Dissenius
1798 355 2023 394 Muellerus
2058 355 2285 405 sacrileqi,
2330 365 2439 404 quae

99 429 166 466 ost
191 424 318 464 lectio
346 423 603 463 deteriorum
631 423 825 462 codicum
859 422 929 461 vel
966 423 1104 472 potius
1140 422 1343 461 Italorum
1370 422 1626 468 coniectura,
1655 421 1696 459 in
1723 424 1886 459 textum
1919 425 2182 470 receperunt.
2241 419 2324 459 Sed
2352 431 2438 458 non

92 484 185 539 est,
226 499 305 529 cur
331 500 356 528 a
389 490 571 529 lectione
605 488 697 528 cod.
733 487 769 527 G
803 487 1073 536 recedamus,
1108 499 1218 537 quae
1252 491 1319 527 est
1351 487 1522 527 maioris
1557 487 1830 525 auctoritatis.
1891 486 2031 535 Ipsam
2066 487 2120 525 ad
2154 486 2438 525 elocutionem

93 553 298 604 sacriloqi
333 555 453 604 iqnes
486 553 778 593 illustrandam
811 553 895 591 iam
931 551 1181 591 Gebhardus
1217 552 1477 602 comparavit
1510 551 1652 590 locum
1692 551 1949 590 simillimum
1988 551 2099 601 apud
2134 550 2435 597 Quintilianum

98 617 278 659 declam.
304 619 375 667 XI,
403 619 427 659 7
456 623 689 658 extantem:
730 617 780 657 Si
823 617 1061 655 mehercule
1085 621 1181 667 post
1214 617 1339 664 hanc,
1371 617 1562 665 inimice,
1592 627 1732 653 vocem
1761 616 1920 666 templa
1954 621 2243 665 monstrasses,
2279 615 2438 654 sacri-

100 683 269 734 lequm
295 683 495 722 continuo
522 683 745 734 tlaqrasset
771 676 1073 720 incendium
1102 711 1112 720 .
1141 711 1151 721 .
1179 712 1189 720 .

24 769 30 779 =
98 749 152 790 of.
179 740 547 800 praetereaovid.
575 748 686 788 Fast.
713 748 780 797 VI,
806 747 887 787 439
914 745 1173 796 Flaqrabant
1200 746 1334 784 sancti
1361 745 1627 784 sceleratis
1655 745 1861 795 iynibus
1890 746 2004 796 iynes

95 815 169 856 vol
195 814 282 855 Cic.
312 814 428 855 Catil.
455 814 524 862 ΠΙ,
550 814 603 854 22
632 845 641 853 .
671 844 681 852 .
711 844 719 852 .
750 845 759 853 .
788 813 859 851 sed
887 812 1015 850 etiam
1042 812 1218 850 deorum
1245 810 1410 861 templis
1438 813 1562 860 atque
1580 809 1763 848 delubris
1791 814 1890 849 sunt
1916 812 2102 861 funestos
2122 824 2170 850 ac
2196 812 2437 862 nefarios

95 878 246 928 -iynea
285 877 447 928 inferre
491 877 646 916 conati.
680 899 732 906 —
765 877 925 916 Deinde
965 880 1110 916 autem
1150 875 1372 925 sacrileyos
1414 878 1572 927 optime
1613 887 1710 916 sese
1750 876 1907 917 habere
1953 889 2005 917 ex
2046 890 2097 917 eo
2138 883 2274 929 patet,
2322 879 2437 929 quod

98 944 318 995 unissime
357 947 487 994 atque
526 944 712 982 maxima
762 954 913 982 sensus
955 942 1241 981 concinnitate
1277 942 1385 981 inter
1425 953 1473 982 se
1512 942 1772 992 respondent
1820 942 2104 992 sacrileqos
2145 943 2280 994 iqnes,
2321 945 2437 994 facta

97 1009 335 1061 wefauda
368 1010 426 1063 (v,
460 1010 545 1060 12),
574 1010 739 1060 impia
774 1022 850 1048 ora
886 1010 942 1059 (v.
970 1009 1054 1058 14).
1097 1008 1284 1048 Tertium
1311 996 1496 1058 ¹denique
1523 1011 1820 1058 argumentum
1848 1007 1946 1046 inde
1974 1020 2200 1058 possumus
2228 1014 2437 1060 repetere,

94 1074 217 1126 quod
241 1075 440 1116 adamant
466 1080 617 1126 poetae
636 1076 810 1127 elegiaci
828 1076 1090 1116 substantivo
1108 1076 1151 1114 in
1171 1074 1256 1113 fine
1274 1085 1424 1113 versus
1452 1074 1587 1123 posito
1607 1072 1863 1111 adiectimm
1883 1073 1925 1112 in
1946 1084 2123 1113 caesura
2141 1077 2437 1127 semiquinaria
2478 1112 2482 1113 ⁷

87 1130 324 1180 conlocare
350 1140 420 1192 (cf.
446 1139 572 1181 huius
600 1142 799 1181 carminis
826 1153 894 1180 vv.
922 1142 962 1189 2,
989 1142 1028 1189 3,
1056 1141 1094 1188 8,
1122 1140 1188 1187 13,
1217 1139 1282 1187 14,
1313 1140 1377 1185 16,
1405 1139 1470 1186 20,
1498 1139 1563 1186 22,
1591 1138 1656 1183 25,
1684 1138 1749 1185 27,
1777 1138 1842 1185 29,
1872 1137 1956 1188 30).
2014 1139 2258 1190 Corruptela
2293 1149 2435 1183 autem

97 1204 327 1255 mimis
353 1207 413 1246 ita
439 1210 531 1245 orta
558 1217 654 1246 esse
680 1205 783 1247 mihi
809 1206 991 1255 videtur,
1020 1209 1066 1245 ut
1100 1205 1294 1244 librarius
1329 1215 1406 1253 per
1442 1203 1679 1242 socordiam
1714 1202 1968 1242 adiectivum
2003 1207 2302 1247 accomodaret
2336 1209 2436 1249 sub-

96 1271 282 1311 stantivo
308 1272 498 1322 proxime
525 1273 722 1321 sequenti
750 1270 940 1321 templis.

237 1337 431 1388 Itemque
458 1339 488 1388 I,
516 1338 604 1387 9‚31

565 1403 601 1442 G
647 1403 762 1443 Tunc
788 1403 897 1441 mihi
923 1402 1109 1452 iurabas,
1138 1402 1258 1440 nullo
1286 1405 1330 1438 te
1358 1400 1502 1439 divitis
1530 1400 1630 1438 auri
1657 1400 1852 1439 Pondere
1881 1431 1890 1439 .
1921 1430 1930 1439 .
1960 1431 1970 1439 .

540 1469 612 1508 AV
693 1500 717 1517 „
826 1499 849 1516 „
909 1488 916 1499 s
984 1499 1008 1516 ,‚
1182 1498 1206 1516 „
1269 1465 1360 1503 tibi
1413 1496 1438 1513 „
1559 1495 1583 1514 ‚,
1745 1495 1768 1513 ‚,
1878 1495 1888 1505 .
1919 1496 1928 1504 .
1959 1496 1968 1504 .
2351 1501 2354 1503 ,

95 1532 192 1572 cod.
219 1531 258 1572 G
282 1543 362 1583 pro
390 1538 588 1584 corrupta
614 1535 825 1583 scriptura
856 1531 1076 1585 tibiss-recte
1103 1531 1273 1571 exhibet
1301 1534 1352 1569 te.
1412 1531 1503 1569 Hoc
1531 1540 1701 1580 quoque
1729 1530 1822 1570 loco
1851 1531 1963 1580 apud
2000 1531 2316 1577 Lachmannum
2344 1535 2434 1574 Dis-

94 1599 263 1639 suni-im
290 1598 539 1638 Muellerum
568 1600 819 1649 scripturam
846 1597 1098 1645 invenimus,
1127 1607 1237 1646 quae
1262 1596 1464 1635 Italorum
1493 1597 1832 1634 coniecturarum
1858 1597 1903 1635 in
1922 1607 2097 1636 numero
2116 1596 2262 1638 haberi
2290 1599 2433 1640 debet.

97 1662 188 1703 Hac
227 1666 371 1704 autem
413 1664 468 1704 de
507 1670 657 1705 natura
695 1666 931 1714 scripturae
972 1663 1134 1702 nullius
1176 1667 1222 1702 ut
1260 1660 1620 1710 taceam,{‘?ipsum
1662 1672 1739 1711 per
1778 1672 1827 1700 se
1867 1662 1997 1704 nullo,
2028 1665 2065 1698 te
2109 1664 2434 1712 praeferendum

35 1722 38 1724 ’
92 1731 176 1768 eet.
228 1728 494 1779 Quamquam
522 1732 635 1770 enim
663 1741 897 1780 pronomen
926 1732 976 1777 te,
1003 1733 1051 1768 ut
1077 1732 1224 1768 monet
1250 1725 1527 1775 Dissenius,¹)
1555 1737 1640 1765 non
1668 1738 1774 1776 opus
1803 1731 1880 1775 est,
1910 1729 2109 1777 quoniam
2143 1730 2187 1768 in
2215 1735 2434 1770 construc-

95 1794 230 1842 tione,
271 1804 398 1844 quem
446 1799 603 1835 vocant
642 1797 932 1835 accusativum
979 1806 1077 1834 cum
1123 1793 1353 1841 infinitiv0,
1400 1804 1708 1843 saepenumero
1749 1804 1814 1830 me
1852 1796 1889 1830 te
1917 1805 1962 1831 se
2016 1794 2274 1834 Graecorum
2316 1806 2434 1835 more

95 1859 347 1898 omittuntur
372 1859 442 1910 (cf.
471 1871 509 1900 e.
538 1872 576 1911 g.
605 1860 695 1900 Tib.
722 1861 772 1908 H,
800 1860 894 1908 6,13
922 1859 1284 1909 iuravit'quotiens
1311 1858 1552 1896 rediturum
1587 1858 1644 1895 ad
1680 1857 1835 1896 limina
1874 1859 2128 1908 nunquam),
2170 1864 2314 1899 tamen
2349 1871 2434 1900 non

95 1932 276 1963 necesee
302 1928 370 1963 est
396 1935 632 1974 pronomen
660 1925 812 1965 abesse
831 1925 901 1978 (cf.
930 1925 1019 1965 Tib.
1049 1925 1099 1972 II,
1126 1924 1248 1972 5,104
1274 1926 1313 1960 et
1339 1935 1388 1961 se
1417 1922 1574 1960 iurabit
1600 1918 1736 1961 mente
1763 1923 1894 1973 fuisse
1921 1925 2051 1972 mala,
2081 1929 2123 1963 et
2150 1925 2278 1976 Lygd.
2308 1926 2432 1975 1,25).

93 1987 184 2027 Iam
210 1991 366 2036 autem,
394 1990 431 2029 si
457 1989 684 2029 scribimus
711 1989 873 2028 nullius
901 1989 1045 2028 divitis
1072 1988 1172 2027 auri
1195 1989 1384 2039 pondere
1403 1990 1505 2027 satis
1530 1989 1792 2037 ineleganter
1810 1990 1904 2028 voci
1936 1989 2036 2026 auri
2052 1990 2136 2028 duo
2154 1991 2435 2030 adnectuntur

95 2052 308 2102 attfihuta,
337 2065 435 2093 cum
463 2055 648 2104 pondere
676 2056 838 2094 nullum
866 2066 1015 2094 secum
1042 2053 1194 2093 habeat
1221 2058 1349 2103 atque
1378 2054 1530 2102 verbis,
1560 2065 1668 2103 quae
1695 2053 1748 2092 ab
1778 2065 1829 2093 eo
1858 2054 2116 2103 dependent,
2146 2059 2234 2094 tam
2268 2056 2431 2095 nudum

95 2121 139 2157 et
165 2118 410 2158 solidarium
449 2122 729 2170 postpositum
762 2121 831 2160 vel
866 2121 1051 2159 maxime
1086 2119 1310 2159 claudicet.
1375 2119 1619 2165 Praeterea,
1654 2118 1768 2168 quod
1801 2119 1855 2157 ad
1890 2130 2064 2159 sensum
2100 2122 2269 2169 attinet,
2297 2122 2431 2160 multo

95 2183 311 2224 efficacius
324 2196 475 2224 vocem
494 2186 651 2233 nullus,
670 2187 824 2236 quippe
841 2197 948 2236 quae
964 2187 1191 2235 praecipue
1213 2177 1439 2234 prematur,
1461 2195 1559 2223 cum
1571 2183 1759 2233 pondere
1774 2185 1970 2234 coniungi
1989 2187 2117 2224 —ita
2131 2190 2176 2225 ut
2190 2197 2342 2225 sensus
2357 2188 2430 2226 sit:

94 2259 151 2288 ne
176 2251 359 2289 maximo
387 2250 559 2299 quidem
588 2250 775 2300 pondere
803 2274 856 2279 —
884 2255 926 2290 et
953 2262 1030 2300 per
1056 2261 1104 2289 se
1140 2254 1329 2299 apertum
1370 2253 1435 2288 est
1471 2253 1514 2287 et
1549 2250 1705 2298 optime
1738 2250 1970 2288 illustratur
1996 2249 2079 2289 hoc
2106 2251 2306 2302 Lygdami
2334 2252 2431 2291 loco

572 2315 659 2362 3,11
697 2315 806 2353 Nam
832 2326 984 2364 yrave
1012 2314 1116 2364 quid
1139 2315 1312 2364 prodest
1335 2314 1543 2364 pondus
1571 2313 1679 2351 mihi
1707 2314 1852 2352 divitis
1881 2315 1980 2352 auri

201 2378 272 2430 (cf.
302 2379 442 2419 Horat.
470 2380 554 2419 Sat.
582 2380 613 2428 Ι,
642 2381 690 2420 41
727 2379 839 2426 Quid
868 2379 986 2417 iuvat
1012 2379 1312 2417 immensum
1337 2382 1375 2416 te
1402 2379 1566 2427 arqenti
1590 2379 1799 2429 pondus
1826 2382 1865 2416 et
1892 2380 1992 2418 auri
2020 2412 2028 2420 .
2058 2412 2067 2420 .
2098 2412 2107 2420 .
2136 2381 2352 2432 Deponere

124 2493 130 2496 .
590 2445 727 2485 Ovid!
739 2445 907 2485 Heroid.
935 2445 1082 2493 16,224
1110 2444 1443 2495 Conqestoque
1471 2444 1571 2482 auri
1595 2445 1831 2495 pondere
1858 2444 1974 2483 dives
2002 2445 2103 2497 ero.)

93 2509 285 2559 Denique
311 2509 518 2549 concinne
542 2511 654 2549 inter
679 2521 728 2550 se
754 2510 1014 2560 respondent
1051 2510 1170 2548 nullo
1194 2509 1382 2559 pondere
1409 2513 1450 2548 et
1479 2521 1566 2547 non
1591 2509 1780 2558 yemmis.
1836 2512 1983 2562 Itaque
2016 2512 2222 2553 habemus
2258 2515 2301 2552 in
2336 2515 2429 2565 cod,

93 2573 131 2614 G
156 2574 407 2624 scripturam
435 2576 631 2614 omnibus
657 2578 844 2616 numeris
872 2576 1120 2615 absolutam.

235 2639 324 2678 Iam
350 2643 576 2689 postquam
602 2641 786 2680 vidimus
810 2645 900 2680 tam
928 2641 1071 2680 multis
1098 2642 1215 2689 locis,
1243 2651 1424 2691 quorum
1450 2652 1653 2680 numerus
1680 2642 1802 2680 facile
1822 2646 1967 2691 posset
1994 2642 2206 2692 adaugeri,
2235 2645 2428 2685 codicem

95 2703 132 2743 G
156 2715 282 2743 veras
309 2715 538 2754 propagare
566 2706 808 2756 scripturas,
835 2717 891 2745 ne
917 2706 977 2745 illi
1005 2706 1177 2756 quidem
1205 2705 1449 2757 Rossbergii
1458 2705 1493 2755 2)
1522 2708 1758 2746 sententiae
1776 2706 2135 2756 adstipulabimur,
2165 2719 2249 2758 qua
2276 2715 2424 2750 censet

94 2770 156 2808 eis
182 2769 299 2817 locis,
327 2769 412 2808 ubi
438 2770 491 2809 in
518 2770 660 2809 codd.
687 2771 768 2810 AV
801 2773 1004 2822 singula
1037 2772 1296 2811 vocabula
1330 2773 1520 2811 omissa
1554 2773 1639 2812 vel
1673 2773 1842 2822 spatia
1875 2783 2037 2811 vacua
2072 2773 2259 2813 relicta
2291 2779 2428 2824 sunt,

95 2833 287 2873 codicem
315 2833 350 2872 G
368 2835 663 2884 supplementa
680 2836 882 2886 praebere
901 2847 977 2886 per
994 2836 1338 2886 interpolatorem
1357 2838 1604 2886 excogitata.
1652 2836 1760 2883 Quid
1780 2838 1893 2876 enim
1920 2848 1997 2876 nos
2025 2838 2146 2887 cogit,
2166 2842 2213 2877 ut
2231 2843 2429 2888 putemus

94 2899 267 2939 lacunas
292 2899 387 2939 illas
416 2900 500 2939 iam
526 2901 571 2938 in
598 2901 812 2940 communi
839 2900 1068 2951 archetypo
1096 2900 1169 2951 (Ο)
1197 2901 1395 2950 extitisse,
1424 2906 1467 2940 et
1495 2901 1595 2951 quid
1621 2905 1737 2939 vetat
1774 2911 1851 2939 nos
1886 2905 2071 2940 statuere
2099 2902 2141 2940 in
2170 2913 2220 2941 eo
2255 2902 2429 2944 demum

91 2973 165 3003 eas
192 2968 360 3003 exortas
388 2975 484 3004 esse
513 2965 754 3015 exemplari,
784 2976 836 3011 ex
863 2977 946 3015 quo
976 2965 1097 3004 codd.
1127 2965 1198 3004 AV
1225 2965 1384 3004 exarati
1411 2969 1522 3013 sunt,
1542 2966 1791 3015 praesertim
1810 2976 1909 3005 cum
1928 2967 2153 3016 plerisque,
2173 2978 2280 3016 quos
2298 2968 2430 3007 Ross-

39 3028 45 3029 ’
93 3027 265 3078 bergius
302 3029 442 3077 affert,
477 3029 582 3068 locis
615 3030 718 3080 ipsis
764 3041 818 3069 ex
851 3029 944 3069 cod.
978 3029 1013 3068 G
1049 3029 1300 3068 lectionibus
1343 3040 1471 3068 causa
1519 3030 1757 3068 omissionis
1802 3030 2000 3070 facillime
2034 3032 2166 3081 possit
2201 3032 2427 3082 cognosci?

92 3092 231 3140 Quid‘?
256 3093 293 3132 si
319 3095 555 3144 scripturae
573 3096 615 3134 in
636 3095 728 3134 cod.
748 3093 784 3133 G
803 3094 982 3134 traditae
1000 3105 1055 3133 ne
1073 3095 1292 3133 minimam
1311 3094 1483 3144 quidem
1501 3105 1605 3144 prae
1624 3105 1671 3133 se
1692 3095 1832 3134 ferunt
1855 3094 2187 3145 interpolationis
2206 3097 2423 3146 speciem‘?

92 3156 289 3209 Legimus
314 3160 440 3209 igitur

241 3329 271 3375 ¹)
295 3333 504 3367 comment.
529 3341 566 3376 p.
591 3330 673 3366 184.

239 3387 269 3432 ²)
292 3388 315 3424 l.
338 3390 365 3426 Ι.
389 3400 427 3435 p.
453 3390 510 3425 76.

2507 1338 2535 1385 1,
2562 1339 2644 1384 9,3ι
