2756 3770
83 1051 295 1100 Lygd.3,27

1420 213 1679 252 ..14-

1026 348 1121 387 pro:
1150 336 1346 388 9νᾶυἵόᾶ3
1374 340 1515 388 pensis
1654 340 1799 387 pensis
1827 336 2024 388 qrdvtbas

1064 432 1088 451 ,‚
1150 400 1370 440 Marathus
1400 402 1511 441 tento
1654 403 1764 442 lento
1792 401 2010 442 Mdrdthz‘cs

1064 498 1088 516 „
1145 466 1286 518 Ρὸεἵόν
1314 470 1427 506 minc
1454 470 1496 506 ἒε
1657 471 1770 507 nanc
1797 471 1838 507 ἑε
1862 468 2004 519 ρὸεἴὸν

1060 563 1084 582 ,,
1146 531 1312 571 &mites
1340 533 1451 583 fasci
1647 535 1756 583 fasci
1784 533 1962 573 comites.

373 605 427 643 At
454 614 557 645 vero
585 603 629 641 in
656 600 863 648 versibus,
893 609 1074 649 quorum
1102 599 1267 648 species
1297 598 1447 638 eadem
1464 604 1545 645 est,
1565 611 1693 649 quam
1712 611 1860 639 versus
1880 599 2051 641 exhibet
2070 601 2112 641 in
2141 602 2233 641 cod.
2260 602 2295 641 G
2313 602 2505 653 traditus,
2525 608 2595 652 ut*

796 665 827 714 Ι,
857 664 948 713 1,59
980 663 1033 702 Te
1061 667 1256 714 spectem,
1287 663 1528 714 suprema
1556 663 1687 703 mthi
1716 676 1812 702 cum
1840 666 2003 704 venerit
2032 667 2140 705 hora

795 730 827 779 Ι,
853 729 942 778 2,61
977 727 1094 775 Quin
1121 729 1323 768 credam?
1354 732 1533 780 nempe
1561 731 1689 768 ὴᾶὲο
1716 728 1895 768 &eidem
1922 743 1965 769 se
1993 731 2107 770 discit
2135 745 2301 772 amores

795 796 826 845 Ι,
854 795 945 843 8,61
982 793 1098 841 Quid
1126 798 1306 844 prosunt
1334 797 1487 842 artes,
1519 793 1765 833 miseram
1795 796 1832 834 si
1861 785 2025 846 spernit
2053 800 2272 836 amantem

775 861 825 909 ΙΙ,
852 861 945 910 3,32
972 859 1130 899 Felices
1159 860 1282 898 &lim
1324 858 1514 910 Veneri,
1542 873 1639 899 cum
1667 862 1807 911 fertur
1835 866 1980 911 aperte

367 930 510 970 statim
539 930 659 969 vides
687 939 743 968 ne
771 928 960 978 potuisse
990 927 1162 976 quidem
1190 930 1361 976 poetam
1389 938 1489 977 prae
1523 927 1650 967 variis
1688 928 2000 978 impedimentis
2037 930 2212 970 alteram
2239 932 2463 971 instituere
2490 931 2718 972 verborum

367 996 714 1034 conlocationem.
770 994 918 1043 Itaque
947 991 1029 1032 1100
1058 993 1150 1031 1000
1180 1003 1357 1031 11606556
1387 996 1452 1032 est
1489 1003 1718 1042 sequamur
1751 994 1995 1033 testimonio
2025 995 2146 1034 codd.
2177 996 2258 1035 AV.
2315 995 2405 1043 Quo
2443 1007 2647 1037 concesso
2674 998 2718 1037 in

365 1062 587 1111 propatulo
618 1064 696 1109 est,
726 1059 827 1109 quid
861 1058 914 1097 de
948 1058 1094 1096 ultima
1129 1057 1402 1096 statuendum
1438 1058 1493 1096 sit
1528 1057 1765 1097 differentia
1800 1057 1924 1098 huius
1959 1061 2137 1109 generis,
2174 1071 2284 1111 quae
2321 1065 2434 1101 extat
2469 1061 2597 1140 Lygd.
2625 1062 2718 1110 337

937 1122 972 1162 G
1013 1122 1068 1160 At
1097 1123 1134 1160 si
1159 1134 1240 1172 pro
1270 1122 1447 1160 ‘reditu
1477 1122 1616 1160 dulci
1647 1134 1924 1172 quaecunque
1952 1128 2157 1163 voventur

918 1189 1033 1236 AV,
1092 1219 1121 1237 ,‚
1180 1219 1208 1237 ‚‚
1268 1188 1411 1226 dulci
1441 1188 1619 1226 reditu
2042 1220 2071 1238 „

365 1267 472 1307 quos
500 1257 610 1296 inter
637 1266 788 1295 versus
816 1264 989 1304 prorsus
1016 1253 1132 1292 idem
1159 1253 1336 1292 interest
1365 1253 1591 1292 discrimen
1621 1253 1857 1302 metricum,
1887 1254 2001 1303 quod
2029 1254 2156 1294 modo
2185 1254 2515 1306 disceptavimus

1093 1317 1128 1357 G
1157 1340 1340 1346 ----
1379 1335 1443 1357 uu
1466 1329 1656 1352 -·---Ἱ
1679 1334 1985 1359 Α--υυ-υ

1069 1372 1339 1411 AV---
1363 1330 1981 1425 [—-OO—J——Uu-d

362 1443 659 1489 praeterquam
688 1439 801 1489 quod
830 1450 943 1478 nunc
972 1439 1082 1477 duae
1110 1438 1305 1477 codicum
1332 1437 1510 1477 familiae
1539 1440 1659 1488 quasi
1688 1441 1804 1479 vices
1833 1440 2163 1480 alternaverunt.
2210 1441 2330 1481 Idem
2359 1443 2473 1482 enim
2491 1452 2710 1492 argumen-

359 1508 464 1553 tum,
494 1504 609 1554 quod
637 1509 762 1544 antea
790 1504 958 1543 valebat
985 1503 1039 1542 ad
1068 1503 1159 1542 cod.
1191 1502 1226 1541 G
1253 1503 1545 1542 testimonium
1573 1504 1894 1554 repudiandum,
1923 1504 2118 1545 hocloco
2139 1509 2285 1556 aptum
2305 1510 2371 1546 est
2388 1506 2442 1547 ad
2462 1507 2552 1546 eius
2579 1506 2709 1547 fidem

362 1571 736 1622 comprobandam.
795 1570 943 1608 Restat
984 1579 1098 1617 sane,
1141 1572 1188 1607 ut
1230 1568 1547 1607 demonstretur
1582 1569 1845 1620 Lygdamum
1886 1570 1956 1609 illa
1990 1571 2031 1610 in
2069 1572 2376 1612 consuetudine
2415 1583 2513 1613 cum
2548 1573 2711 1613 Tibullo

361 1638 616 1686 consentire,
648 1636 761 1686 quod
788 1637 848 1675 ita
878 1645 972 1674 esse
1001 1633 1065 1673 his
1095 1635 1299 1684 exemplis
1327 1635 1599 1684 perspicuum
1628 1639 1713 1674 est:

788 1700 875 1749 1‚21
907 1699 993 1739 Sed
1016 1700 1215 1750 primum
1244 1698 1482 1738 meritam
1511 1701 1656 1750 ἰᾶνςᾶ
1684 1701 1840 1739 donate
1867 1702 2005 1740 salute

785 1767 878 1816 4‚39
907 1765 1031 1804 Hanc
1054 1766 1252 1815 primum
1282 1764 1492 1804 υὲηἵένιε
1518 1766 1718 1815 plectro
1747 1767 1993 1806 modulatus
2023 1767 2199 1816 eburno,

360 1833 431 1873 ubi
458 1834 583 1873 metri
612 1844 739 1873 causa
766 1836 891 1883 poeta
920 1832 1062 1871 dicere
1090 1833 1226 1882 potuit
1255 1832 1378 1881 ὶᾶνῃᾶ
1406 1829 1605 1869 merrtem
1635 1836 1678 1871 et
1702 1833 1863 1882 plecti&
1899 1831 2081 1872 ventem.
2139 1833 2343 1881 Quoniam
2370 1838 2513 1875 autem
2541 1835 2703 1875 nullum

361 1900 472 1950 apud
506 1899 769 1951 Lygdamum
796 1898 939 1937 inveni
975 1898 1229 1948 exemplum,
1265 1908 1348 1948 quo
1384 1897 1498 1936 dulci
1535 1897 1677 1936 redita
1714 1898 1890 1948 perinde
1919 1894 2168 1949 probaretur
2195 1911 2246 1940 ac
2274 1900 2419 1940 reditu
2458 1900 2589 1949 dulci,
2622 1912 2719 1940 non-

360 1964 505 2004 dubito
534 1965 761 2004 lectionem
789 1963 947 2003 codicis
976 1963 1010 2003 G
1039 1974 1115 2013 pro
1145 1974 1245 2002 vera
1271 1963 1469 2002 iudicare

500 2066 587 2104 Iam
602 2066 728 2115 igitur
744 2076 903 2112 eorum,
920 2074 1028 2114 quae
1044 2064 1098 2102 de
1118 2063 1413 2113 discrepantiis
1432 2063 1485 2103 ad
1500 2064 1727 2103 verborum
1744 2065 2079 2105 conlocationem
2099 2066 2406 2115 pertinentibus
2422 2068 2707 2117 exposuimuS‚

358 2136 405 2171 ut
433 2142 644 2170 summam
672 2130 888 2179 faciamus,
918 2129 1112 2169 effecisse
1142 2128 1262 2168 nobis
1290 2129 1498 2177 videmur,
1528 2129 1632 2168 cod.
1665 2129 1699 2169 G
1729 2130 2006 2179 pristinum
2041 2135 2091 2170 et
2131 2132 2412 2181 genuinum
2448 2131 2706 2172 exhibere

357 2198 636 2237 verborum
666 2197 899 2236 ordinem
927 2196 1070 2235 hisce
1101 2196 1232 2234 10015

499 2263 529 2311 Ι,
558 2263 650 2311 1,78
679 2262 914 2312 despiciam
943 2261 1077 2311 dite33
1107 2261 1137 2309 I,
1166 2261 1232 2309 3,9
1261 2272 1356 2298 cum
1388 2272 1478 2310 me;
1508 2261 1538 2309 Ι,
1557 2260 1623 2309 8,9
1648 2261 1821 2311 prodest
1850 2263 1995 2301 molles
2009 2275 2024 2310 ;
2052 2263 2100 2312 ΙΙ,
2126 2263 2219 2312 6,49
2237 2264 2450 2314 promissa
2477 2263 2591 2302 mihi
2620 2267 2706 2310 est,-

499 2327 628 2378 Lygd.
656 2327 747 2376 327
776 2327 919 2365 reditu
950 2327 1091 2374 0111ῑοὶ,
2700 2346 2703 2347 ’

357 2393 500 2432 codd.
531 2393 608 2432 AV
636 2391 800 2432 hisce:

497 2459 527 2507 I,
555 2459 647 2507 3‚30
676 2469 848 2497 sacras.
871 2488 879 2496 .
902 2457 1068 2507 .fores;
1097 2457 1126 2503 I,
1155 2456 1248 2505 9,53
1277 2456 1402 2494 donis
1427 2469 1641 2506 pueram;
1677 2458 1731 2497 de
1760 2458 1873 2508 Sulp.
1902 2462 1945 2498 et
1973 2457 2157 2498 Cerinth.
2188 2470 2267 2497 am.
2295 2458 2360 2506 4‚7
2385 2469 2467 2508 per
2496 2461 2549 2498 te.

496 2521 644 2573 Itaque
677 2524 870 2562 videmus
905 2526 1215 2573 praeoccupata
1251 2522 1447 2573 opinione
1483 2524 1617 2572 magis
1653 2534 1780 2573 quam
1817 2523 1882 2563 his
1923 2524 2168 2563 differentiis
2208 2527 2407 2563 accurate
2450 2524 2700 2564 examinatis

354 2588 657 2638 Rossbergium
687 2588 957 2627 contendisse
986 2588 1181 2627 omnibus
1210 2587 1276 2627 his
1306 2588 1408 2626 locis
1437 2588 1528 2627 cod.
1550 2588 1585 2627 G
1606 2588 1882 2638 depravatum
1910 2599 2004 2628 esse
2025 2600 2100 2639 per
2126 2590 2492 2639 interpolationem
2502 2600 2512 2638 ;
2542 2589 2700 2636 etenim

353 2654 543 2703 ipsorum
572 2654 775 2702 locorum,
805 2654 957 2702 quibus
986 2654 1055 2692 ille
1085 2653 1243 2692 codicis
1272 2653 1307 2692 G
1336 2657 1494 2692 statum
1522 2654 1822 2703 interpolatum
1850 2654 2047 2693 studebat
2066 2655 2282 2704 evincere,
2311 2655 2504 2704 plerique
2531 2654 2698 2695 abunde

353 2718 611 2768 adfatimque
639 2729 718 2757 nos
746 2718 982 2757 docuerunt
1011 2718 1146 2757 codici
1175 2717 1210 2756 G
1238 2729 1434 2768 magnam
1464 2719 1731 2758 tribuendam
1760 2715 1860 2759 esse
1885 2720 2012 2759 fidem
2051 2725 2178 2771 atque
2212 2721 2516 2760 auctoritatem.
2574 2719 2699 2761 Nam—>

355 2793 438 2831 que
472 2786 560 2822 tam
597 2783 789 2834 egregias
826 2787 954 2833 atque
992 2784 1219 2832 exquisitas
1257 2783 1348 2821 cod.
1380 2783 1414 2821 G
1442 2784 1625 2824 vidimus
1662 2784 1862 2824 exhibere
1891 2787 2133 2836 scripturas,
2164 2797 2269 2836 quas
2298 2808 2348 2815 ψ-
2377 2790 2423 2825 ut
2449 2790 2616 2825 taceam
2645 2785 2698 2832 de

355 2848 728 2898 depravatione
764 2860 840 2899 per
874 2850 1220 2899 interpolatorem
1256 2850 1483 2888 commissa
1512 2872 1562 2877 —
1592 2861 1645 2889 ne
1682 2851 2023 2891 emendatrici
2052 2852 2223 2902 quidem
2251 2863 2406 2902 operae
2434 2851 2589 2891 librarii
2626 2850 2698 2890 ali·
2733 2883 2737 2887 .

355 2915 473 2952 00105
503 2914 624 2953 nobis
654 2915 777 2953 liceat
805 2914 1062 2962 adscribere,
1092 2913 1169 2952 sed
1199 2924 1307 2962 quae
1336 2915 1425 2952 solo
1455 2926 1479 2953 a
1499 2919 1623 2964 poeta
1651 2916 1741 2965 ipso
1771 2915 1986 2965 profectae
2016 2928 2111 2956 esse
2140 2919 2314 2967 possint.
2362 2917 2425 2956 An
2454 2914 2694 2966 putabimus

356 2977 608 3017 monachum
639 2979 851 3028 quendam
878 2982 967 3017 tam
996 2979 1164 3016 subtilia
1192 2979 1377 3016 sensisse
1398 2978 1653 3027 discrimina,
1675 2980 1814 3029 qualia
1839 2981 1952 3019 inter
1971 2982 2137 3022 diversa
2156 2983 2226 3021 illa
2245 2981 2438 3020 codicum
2456 2981 2699 3020 testimonia

354 3045 671 3092 explanavimus
709 3043 1007 3083 intercedere‘?
1052 3043 1173 3082 Nunc
1211 3045 1246 3083 si
1291 3044 1700 3084 consideraverimus
1737 3046 1964 3085 lectionem
2000 3047 2168 3086 illarum
2205 3047 2363 3086 codicis
2402 3045 2437 3084 G
2474 3046 2695 3086 nonnullas

353 3114 477 3149 antea
511 3113 580 3150 vel
616 3112 833 3160 neglectas
870 3120 965 3149 esse
999 3110 1063 3157 (ut
1091 3110 1121 3158 Ι,
1150 3109 1216 3158 8,9
1240 3109 1415 3160 prodest
1447 3110 1606 3161 molles)
1636 3112 1704 3150 vel
1733 3113 1902 3150 omnino
1933 3124 2016 3151 non
2046 3117 2168 3151 notas
2197 3113 2325 3152 fuisse
2354 3111 2418 3162 (ut
2445 3112 2479 3165 Ι,
2505 3111 2571 3160 8,9
2598 3122 2695 3149 cum

355 3190 451 3225 me;
480 3177 606 3227 Lygd.
636 3177 728 3225 3‚67
758 3175 901 3214 reditu
932 3175 1078 3225 dulci),
1114 3176 1409 3225 intellegemus
1449 3187 1649 3226 magnum
1685 3188 1709 3215 e
1738 3177 1884 3215 codice
1914 3177 1948 3215 G
1984 3182 2230 3228 recuperato
2265 3179 2307 3217 in
2342 3177 2493 3216 Tibulli
2527 3180 2693 3217 textum

354 3243 661 3282 restituendum
691 3242 952 3282 redundasse
981 3241 1178 3279 fructum.
1235 3241 1382 3290 Itaque
1411 3241 1524 3280 haud
1553 3243 1847 3281 cunctabimur
1875 3246 2060 3282 statuere
2091 3243 2195 3282 cod.
2234 3242 2277 3282 G(
2298 3242 2358 3281 ad
2393 3243 2453 3281 bo
2468 3254 2586 3282 num
2619 3253 2695 3281 re-

354 3319 569 3347 currere
618 3308 890 3356 exemplar.
961 3307 1078 3352 Quod
1129 3307 1163 3344 si
1212 3307 1269 3344 ita
1311 3310 1395 3354 est,
1444 3306 1549 3346 haec
1597 3308 1784 3347 tenenda
1833 3309 1912 3347 erit
1959 3309 2063 3347 ratio
2112 3308 2345 3347 tractandi:
2399 3307 2694 3357 ubicunque

354 3373 550 3412 codicis
581 3373 614 3411 G
645 3374 907 3423 scriptura
935 3373 1275 3421 nescioquam
1304 3372 1364 3411 ob
1394 3383 1594 3412 causam
1623 3374 1986 3423 anteponenda
2014 3378 2090 3414 est
2122 3373 2425 3413 testimonio
2454 3372 2707 3416 codicum.
