2626 3704
1153 257 1412 296 -37-

256 387 331 427 No.
360 385 412 438 V)
442 387 495 426 ad
523 397 615 437 pag.
650 387 716 426 24.

255 453 408 502 Figura
435 451 673 502 anaphorae
701 461 767 489 vv,
796 450 846 498 ΙΙ,
874 449 1034 498 62324
1061 449 1296 497 interrupta
1330 447 1466 497 prima
1494 449 1560 485 est
1589 456 1734 494 causa,
1764 456 1840 486 cur
1874 445 2082 486 Guilelmo
2122 444 2322 485 Fischero
2359 455 2459 484 con-

113 517 263 557 cedam
290 515 372 556 hoc
400 516 610 556 distichon
636 516 935 566 interpolatum
963 524 1070 554 esse.
1127 512 1211 552 Sed
1239 511 1449 551 accedunt
1484 511 1565 549 alia
1601 521 1736 560 eaque
1773 511 2035 560 gravissima.
2094 510 2296 549 Versatur
2335 514 2461 560 poeta

111 583 155 621 in
182 582 272 632 spei
299 582 341 620 vi
370 581 635 629 celebranda,
664 591 774 630 quae
802 581 1029 630 plurimum
1055 579 1196 618 valeat
1224 579 1267 617 in
1295 577 1424 617 rebus
1451 576 1658 616 humanis.
1714 575 1803 614 Iam
1830 575 2066 625 videamus,
2096 586 2278 626 quanam
2298 576 2460 614 ratione

112 650 239 697 poeta
266 650 599 696 argumentetur.
659 646 721 684 Ac
749 645 943 694 primum,
979 644 1092 694 quod
1128 643 1275 690 adfert,
1312 643 1556 692 exemplum
1585 642 1686 692 (vx.
1718 640 1856 691 2122)
1887 652 1939 679 ex
1974 640 2132 679 rustica
2160 641 2247 680 vita
2282 641 2460 690 petitum

113 715 191 760 est,
220 722 304 762 qua
323 711 447 750 <nulla
475 715 541 749 est
570 709 761 749 laborum
789 710 951 759 plenior
980 710 1198 759 magisque
1225 708 1398 747 incertis
1418 707 1585 746 casibus
1605 710 1647 745 et
1667 705 1837 756 ancipiti
1858 707 2029 745 eventui
2056 705 2259 745 subiecta.
2307 705 2461 744 Terrae

112 777 238 824 enim,
268 787 522 826 quamquam
552 775 733 815 mendax
762 785 858 814 esse
885 779 1037 824 potest,
1067 774 1249 823 agricola
1276 773 1441 812 semina
1468 771 1602 811 credit
1630 771 1838 818 incertus,
1867 775 2009 810 utrum
2049 782 2148 821 ager
2175 782 2226 810 ea
2255 774 2380 820 neget
2409 781 2462 808 an

111 839 280 889 reddat3
309 845 497 879 attamen
527 844 669 890 sperat
697 851 855 889 maqno
884 839 1061 889 faenore
1080 838 1218 876 solum
1237 837 1501 876 redditurum
1521 846 1618 875 esse
1644 835 1819 874 semina.
1868 836 1998 874 Porro
2025 838 2110 887 (vv,
2132 836 2270 884 2526)
2290 846 2464 874 servum

111 915 198 944 non
225 905 352 944 modo
380 916 457 955 per
483 916 529 944 se
559 904 814 944 laboriosum
844 915 950 954 opus
978 903 1120 942 subire
1149 906 1355 951 coactum,
1374 902 1451 941 sed
1480 902 1606 941 etiam
1625 901 1738 939 inter
1767 911 1873 950 opus
1892 901 2030 940 valida
2048 901 2256 951 compede
2276 900 2465 939 vinctum

113 969 220 1009 adeo
263 980 362 1020 spes
403 973 568 1009 recreat
609 969 873 1018 relevatque,
916 972 962 1007 ut
1004 966 1128 1006 huius
1173 967 1353 1005 miserae
1397 966 1660 1005 condicionis
1702 976 1874 1015 prorsus
1903 965 2057 1005 oblitus
2092 976 2146 1004 ne
2175 977 2199 1004 a
2228 965 2463 1004 canendo

113 1034 286 1084 quidem
328 1034 533 1074 desistere
573 1033 717 1084 possit.
782 1033 907 1072 Vides
941 1033 1067 1082 igitur
1102 1031 1306 1081 exemplis
1348 1041 1474 1080 quam
1517 1030 1776 1080 gravissimis
1819 1028 2015 1068 adhibitis
2050 1034 2178 1080 atque
2212 1031 2255 1069 in
2282 1033 2464 1078 utroque

115 1098 294 1139 disticho
330 1098 574 1149 gradatione
609 1099 798 1138 instituta
830 1099 1045 1148 ingentem
1082 1097 1168 1135 vim
1211 1096 1302 1146 spei
1347 1097 1578 1135 clarissime
1618 1095 1828 1134 illustrari.
1891 1096 1966 1134 His
2003 1099 2146 1135 autern
2182 1093 2373 1134 distichis
2408 1094 2466 1132 ita

115 1165 368 1215 comparatis
394 1163 536 1214 inepte
564 1163 800 1213 interpositi
829 1166 927 1201 sunt

520 1240 589 1268 vv.
617 1228 737 1268 2324
793 1227 908 1265 Haec
938 1227 1088 1276 laqueo
1116 1227 1322 1274 volucres,
1355 1226 1457 1263 haec
1485 1228 1627 1274 captat
1657 1225 1876 1263 arundine
1900 1225 2053 1275 pisces,

793 1290 902 1329 Cum
933 1295 1078 1328 tenues
1107 1291 1255 1328 hamos
1285 1289 1451 1328 abdidit
1481 1294 1580 1328 ante
1609 1289 1735 1330 cibus.

115 1358 221 1399 Cum
248 1358 362 1398 enim
390 1357 558 1396 illorum
588 1355 863 1395 distichorum
892 1355 1147 1405 pentametri
1166 1356 1284 1404 quasi
1307 1356 1524 1394 cumulum
1546 1355 1791 1395 contineant
1812 1355 2068 1403 gradationis
2097 1359 2225 1404 atque
2255 1354 2296 1393 id
2326 1355 2466 1404 ipsum

115 1423 304 1472 efferant,
333 1433 416 1472 quo
446 1421 629 1460 maxime
657 1422 748 1471 spei
776 1422 840 1459 vis
870 1420 1130 1470 depingatur,
1160 1418 1241 1458 hoc
1270 1424 1534 1470 pentametro
1564 1420 1780 1469 docemur,
1802 1431 1885 1470 quo
1915 1420 2041 1458 modo
2062 1419 2200 1469 pisces
2230 1420 2463 1470 capiantur,

113 1488 157 1528 id
186 1488 299 1539 quod
325 1492 418 1527 tum
447 1487 619 1525 demum
648 1486 738 1524 fieri
775 1487 926 1535 possit,
963 1495 1060 1524 cum
1095 1489 1219 1523 antea
1254 1485 1374 1524 cibus
1409 1483 1558 1523 hamos
1595 1485 1815 1525 abdiderit.
1874 1485 2010 1531 Quem
2048 1484 2219 1524 tandem
2254 1484 2307 1523 ad
2336 1484 2466 1523 finem

114 1553 197 1594 hoc
225 1554 396 1593 omnino
425 1552 589 1600 dicitur,
610 1563 693 1601 quo
719 1552 776 1590 nil
796 1555 936 1602 potest
956 1562 1051 1590 esse
1078 1550 1278 1600 ineptius!
1317 1550 1423 1597 Quid
1452 1549 1534 1588 hoc
1562 1550 1615 1588 ad
1642 1551 1731 1600 spei
1751 1550 1838 1588 vim
1858 1549 2176 1588 illustrandam?
2205 1549 2419 1589 Dissenius
2435 1543 2468 1596 ¹)

115 1619 287 1669 quidem
315 1617 397 1657 hoc
433 1618 531 1657 addi
559 1621 681 1667 putat
709 1620 783 1664 „ut
812 1616 1044 1665 intellegas,
1073 1626 1201 1665 quam
1231 1616 1402 1654 tenuis
1431 1626 1530 1664 spes
1557 1616 1652 1654 sit.“
1702 1615 1785 1655 Sed
1804 1626 1946 1654 nonne
1974 1613 2057 1653 hoc
2074 1615 2215 1664 ipsum
2242 1616 2318 1654 toti
2347 1626 2468 1665 argu-

111 1685 373 1732 mentationi,
404 1684 448 1722 in
478 1694 561 1733 qua
595 1686 720 1732 poeta
748 1686 960 1730 versatur,
988 1682 1166 1720 adversa
1205 1682 1342 1720 fronte
1368 1680 1602 1730 repugnat‘?
1649 1680 1798 1730 Neque
1840 1680 1952 1719 enim
1994 1680 2359 1719 demonstraturus
2402 1683 2468 1718 est

114 1752 251 1799 poeta,
280 1759 410 1798 quam
437 1758 537 1797 spes
565 1748 619 1786 sit
645 1747 799 1794 tenuis,
833 1746 909 1785 sed
939 1757 1067 1796 quam
1095 1748 1149 1786 sit
1179 1747 1298 1785 fortis
1327 1751 1454 1796 atque
1483 1746 1622 1785 valida
1652 1746 1846 1795 quamvis
1876 1744 2003 1783 rebus
2034 1744 2237 1783 adversis.
2295 1743 2471 1783 Accedit

116 1813 581 1863 offensiogravissima.
638 1812 744 1852 Cum
774 1813 887 1850 enim
915 1812 957 1850 in
988 1811 1233 1851 hexametro
1264 1811 1319 1863 (v,
1340 1811 1411 1861 23)
1441 1811 1494 1850 de
1522 1812 1703 1860 aucupio
1723 1811 1881 1860 pariter
1898 1820 1948 1848 ac
1969 1809 2021 1848 de
2042 1809 2273 1859 piscatione
2295 1809 2470 1857 dicatur,

116 1879 371 1932 pentametri
399 1878 529 1917 verba
556 1878 743 1917 solorum
772 1877 951 1927 piscium
991 1878 1203 1927 pertinent
1239 1876 1292 1915 ad
1334 1877 1617 1926 captationem
1627 1887 1637 1924 3
1666 1874 1805 1913 hamis
1841 1885 1994 1923 nempe
2029 1875 2223 1913 volucres
2257 1874 2351 1923 capi
2387 1884 2472 1912 non

115 1945 266 1985 solent.
295 1966 348 1972 —
376 1943 535 1990 Quibus
564 1942 765 1993 expositis
794 1942 969 1981 dubium
997 1953 1094 1981 esse
1123 1943 1281 1991 nequit,
1311 1942 1412 1991 quin
1441 1940 1484 1980 hi
1512 1952 1664 1979 versus
1693 1940 1746 1978 ab
1783 1939 2086 1988 interpolatore
2115 1939 2300 1989 quodam
2328 1949 2472 1977 crassa

118 2010 308 2050 Minerva
340 2009 486 2048 inserti
520 2008 616 2047 sint.
683 2007 927 2057 Desumpsit
964 2011 1107 2046 autem
1143 2018 1216 2046 eos
1259 2006 1313 2046 de
1375 2007 1536 2045 armine
1571 2005 1684 2044 idem
1725 2008 2021 2054 argumentum
2059 2004 2323 2051 continente,
2360 2003 2473 2052 quod

115 2074 297 2124 legimus
324 2073 366 2111 in
396 2071 607 2123 antholog.
637 2073 706 2111 lat.
735 2072 810 2111 No.
837 2072 920 2111 415
949 2071 1032 2123 (ed.
1062 2072 1219 2122 Riese).
1277 2071 1368 2118 Quo
1406 2073 1447 2110 in
1478 2070 1666 2110 carmine
1695 2080 1793 2108 cum
1822 2068 2054 2107 invenisset
2082 2068 2358 2117 interpolator
2393 2066 2471 2106 hos

115 2149 266 2178 versus
297 2137 452 2191 (2021)
857 2135 1059 2186 Captivus
1088 2136 1220 2174 duras
1243 2135 1328 2174 -ilca
1355 2148 1373 2173 s
1414 2138 1514 2178 ante
1543 2138 1710 2172 catenas

857 2201 1029 2251 Perfert
1060 2204 1098 2240 et
1125 2201 1258 2239 victus
1286 2188 1454 2239 vincer’e
1478 2212 1598 2251 posse
1623 2202 1759 2250 putat.

627 2270 670 2305 et
698 2278 738 2305 v.
767 2266 815 2306 51
853 2265 1020 2316 Sperat,
1049 2266 1122 2316 qui
1151 2278 1277 2304 curvo
1306 2266 1438 2304 sulcos
1467 2263 1707 2315 perrumpit
1736 2267 1895 2302 aratro.

119 2334 193 2384 qui
219 2333 379 2373 similes
407 2336 508 2372 sunt
535 2332 686 2371 Tibulli
712 2343 781 2370 vv.
809 2332 931 2372 2526
959 2336 1001 2371 et
1028 2331 1160 2379 2021,
1189 2342 1214 2370 a
1240 2342 1288 2370 se
1316 2331 1542 2381 impetrare
1572 2341 1655 2368 non
1684 2329 1830 2383 potuit,
1858 2327 1936 2367 hos
1958 2337 2128 2377 quoque
2148 2337 2295 2365 versus
2317 2324 2471 2378 (5354)

543 2397 647 2447 Spes
675 2396 814 2435 hamis
838 2398 986 2447 pisces,
1015 2397 1163 2446 laqueo
1193 2399 1363 2446 captare
1391 2396 1575 2434 volucres

546 2461 717 2501 Erudit.

117 2527 217 2568 huic
245 2528 405 2578 elegiae
434 2527 692 2583 Tibullianae
723 2538 775 2566 ne
803 2527 1045 2566 inculcaret.

263 2828 357 2869 NB.
387 2828 492 2868 Sero
516 2840 598 2879 per
628 2828 788 2866 indices
817 2826 988 2876 coynovi
1017 2825 1312 2865 Rothsteinum
1348 2828 1386 2864 et
1416 2824 1716 2864 Leonhardum
1754 2824 1852 2862 item
1881 2824 1931 2861 de
1965 2821 2116 2860 Tibulli
2145 2821 2353 2860 codicibus
2382 2821 2472 2859 dis-

117 2897 301 2946 putasse,
329 2905 512 2944 quorum
541 2892 735 2931 virorum
763 2893 981 2931 doctorum
1009 2890 1324 2930 dissertationes
1352 2891 1459 2929 mihi
1491 2891 1630 2929 adhuc
1658 2902 1744 2928 non
1773 2892 1872 2928 sunt
1895 2892 2079 2939 praesto.

279 3392 308 3438 ¹)
332 3395 543 3430 comment.
567 3403 606 3438 p.
629 3391 698 3428 307
