2756 3770
1088 262 1138 267 —
1192 239 1240 278 21
1300 261 1353 266 .-

111 382 126 395 ··
191 367 310 408 Idem
336 365 608 406 iudicandum
635 363 740 404 mihi
766 363 934 403 videtur
960 363 1015 403 de
1042 336 1289 410 differentia,
1318 372 1428 412 quae
1456 363 1572 400 extat

632 431 664 479 1,
690 430 784 480 1,48
810 429 881 469 AV
907 428 1113 468 Securum
1139 438 1306 465 somnos
1333 427 1453 475 iqne
1481 425 1655 463 iuva-nte
1682 425 1799 475 sequi

823 493 860 533 G
1008 523 1032 542 „
1204 522 1227 540 „
1338 489 1497 528 imbre
1565 520 1576 537 ‚

9 547 19 556 ’
46 563 192 613 Atque
219 561 408 601 concedo
445 559 745 610 Rossberg101)
783 558 879 608 iqne
913 557 1239 609 praesciendum
1278 567 1387 604 esse,
1423 565 1682 605 quamquam
1710 520 1768 593 n'il
1809 556 1932 603 valet,
1970 555 2083 605 quod
2117 555 2257 594 solum
2290 553 2395 593 dicit

50 628 150 679 igne
175 627 383 678 optimum
411 625 581 665 efficere
607 635 793 672 sensum,
835 623 967 661 imbre
1009 627 1152 662 autem
1186 621 1352 660 nonnisi
1381 625 1572 660 contorte
1610 631 1736 670 posse
1771 621 1979 670 explicari.
2050 620 2112 659 Ac
2152 620 2342 659 Muretus
2358 616 2397 669 2)

51 691 238 743 quidem,
257 693 336 732 etsi
352 691 587 741 utrumque.
592 690 744 728 censet
750 682 860 727 ferri
879 698 1018 738 posse,
1037 688 1136 737 quia
1162 690 1205 725 et
1233 685 1369 723 imber
1388 687 1442 724 et
1450 685 1566 734 iynis
1592 684 1732 723 hieme
1758 696 1956 725 somnum
1985 686 2223 733 concilient,
2250 687 2397 723 tamen

51 757 106 798 ad
133 749 375 798 motionem
387 752 524 794 imbre
552 752 872 804 praeferendam
907 762 1143 802 propensus
1171 755 1235 791 est
1277 750 1357 789 hos
1385 751 1500 789 locos
1541 749 1737 788 laudans:
1780 749 2011 799 Sophoclis,
2054 761 2183 800 quem
2214 749 2397 799 legimus

0 829 8 875 ζ
52 821 170 873 apud
193 821 441 862 Ciceronem
467 820 522 859 ad
550 820 672 858 Attic.
701 819 750 867 ΙΙ,
780 819 864 867 7‚4:
1404 834 1472 855 um
1498 814 1569 855 2523
1596 818 1700 865 στέγῃ

918 886 1046 928 numi}
1074 882 1206 922 almvm
1234 881 1397 927 ψακάδος
1423 881 1559 931 εὖδουσῃ
1588 886 1687 932 Operi,

53 951 207 993 muni
231 951 263 1000 l,
289 950 395 998 280,
422 959 552 1000 quem
579 948 861 989 Baehrensius
890 960 1061 999 quoque
1088 949 1244 987 excitat
1272 948 1325 987 ad
1353 948 1612 998 superfluam
1639 958 1760 986 suam
1790 946 2073 985 coniecturam
2102 943 2398 990 stabiliendam

13 1046 17 1051 -
52 1019 232 1057 mente
255 1026 333 1067 pro
360 1016 559 1054 iuvante.-
994 1024 1098 1051 nec
1126 1013 1321 1062 strayula
1344 1013 1464 1063 picta
1493 1024 1686 1062 soporem

678 1091 755 1118 nec
782 1080 946 1117 sonitus
970 1078 1172 1129 placidae
1200 1078 1356 1116 ducere
1380 1079 1515 1129 possit
1542 1090 1693 1128 aquae.

13 1163 15 1167 ·
51 1115 214 1187 Deinde
239 1145 553 1187 Broukhusium
563 1143 598 1195 ³)
626 1146 670 1184 in
697 1144 964 1184 adnotatione
992 1143 1046 1182 ad
1075 1144 1263 1193 Propert.
1300 1143 1371 1191 III,
1399 1144 1438 1192 3,
1440 1143 1493 1184 58
1527 1144 1585 1195 (p.
1613 1141 1711 1193 267)
1741 1143 1973 1192 pollicitum
2008 1140 2131 1179 bonis
2164 1140 2397 1179 rationibus

53 1216 104 1252 se
129 1215 399 1251 ostensurum
427 1221 536 1259 esse,
565 1221 692 1260 quam
722 1210 820 1259 iqne
847 1221 933 1249 non
959 1209 1015 1248 sit
1032 1220 1194 1257 verum,
1217 1209 1402 1259 Heynius
1412 1208 1447 1259 ⁴)
1461 1199 1655 1248 testatur
1674 1209 1871 1247 docuisse
1898 1208 1940 1246 in
1961 1206 2144 1245 editione
2163 1205 2398 1244 Tibulliana

53 1277 161 1327 iane
193 1277 378 1316 alienum
410 1287 507 1315 esse
540 1276 593 1315 ab
629 1274 711 1315 hoc
745 1276 858 1324 loco;
893 1275 961 1314 cui
995 1274 1229 1314 sententiae
1264 1285 1523 1324 quamquam
1561 1275 1654 1323 ipse
1690 1274 1877 1324 Heynius
1918 1272 2211 1321 adstipulatur,
2251 1275 2399 1310 tamen

53 1342 198 1385 adicit:
227 1347 296 1391 „et
322 1353 427 1381 sane
453 1342 523 1381 ille
554 1340 698 1393 (ignis)
727 1340 868 1379 calore
895 1350 974 1379 suo
991 1335 1194 1379 ‘membra
1221 1340 1347 1378 solvit
1375 1343 1418 1378 et
1445 1350 1642 1378 somnum
1672 1339 1905 1377 conciliat.“
1967 1337 2212 1377 Defenditur
2248 1337 2346 1385 iyne
2372 1347 2398 1374 a

59 1407 239 1448 Grutero
249 1405 286 1456 ὃ)
313 1406 498 1445 dicente:
527 1406 687 1454 „otiose
715 1403 784 1443 hic
811 1404 947 1442 imbre
974 1405 1149 1446 iuvante
1176 1408 1370 1454 ponatur,
1399 1415 1498 1443 cum
1524 1404 1627 1444 illud
1655 1415 1803 1453 aquas,
1823 1403 1936 1453 quod
1955 1402 2144 1452 proxime
2172 1400 2398 1448 antecedit,

10 1490 19 1495 -
57 1473 241 1512 imbrem
268 1471 392 1511 facile
417 1471 568 1510 inferat
595 1480 676 1509 nec
703 1470 842 1509 minus
870 1469 979 1519 ignis
1007 1469 1143 1518 sopiat
1172 1479 1304 1518 quam
1331 1468 1506 1508 imber.“
1552 1469 1741 1517 Denique
1765 1468 1980 1507 Dissenius
1990 1466 2024 1517 6)
2051 1465 2188 1503 imbre
2216 1465 2397 1515 praefert

55 1532 186 1590 „eum
212 1537 421 1588 voluptas,
451 1536 564 1586 quod
593 1540 709 1575 tutus
737 1536 796 1574 sis
824 1535 876 1574 ab
906 1535 1052 1583 imbre,
1088 1539 1242 1585 augeat
1268 1537 1408 1574 somni
1443 1535 1786 1574 iucunditatem.“
1849 1533 1973 1572 Vides
2008 1533 2133 1583 igitur
2166 1531 2398 1570 admodum

58 1606 244 1645 incertas
273 1602 471 1642 vacillare
502 1605 780 1652 interpretum
808 1602 1058 1650 sementim,
1087 1611 1344 1651 quamquam
1386 1601 1474 1640 fere
1515 1611 1664 1639 omnes
1699 1599 1897 1649 propensi
1930 1603 2037 1638 'sunt
2078 1598 2131 1636 ad
2173 1597 2398 1636 lectionem

58 1668 192 1708 imbre
219 1668 547 1718 agnoscendam.
597 1668 659 1706 Ac
686 1666 789 1706 mihi
818 1666 989 1716 quidem
1025 1667 1124 1715 igne
1156 1677 1259 1705 vera
1291 1666 1461 1705 videtur
1494 1666 1717 1715 scriptura.
1775 1663 2058 1715 Sophocleum
2092 1663 2193 1702 illud
2231 1663 2299 1701 vix
2333 1665 2399 1701 est

57 1734 172 1786 quod
197 1728 488 1784 respiciamus.
545 1733 646 1772 Plus
672 1733 785 1772 valet
813 1731 1094 1771 Tibullianum
1122 1733 1365 1782 exemplum
1393 1743 1522 1782 supra
1550 1731 1821 1781 adscriptum,
1850 1730 1963 1780 quod
1990 1730 2126 1780 primo
2154 1728 2304 1767 obtutu
2331 1731 2399 1767 sat

0 1829 10 1843 -.
56 1793 187 1852 gra've
214 1799 378 1839 adferre
405 1798 571 1838 videtur
596 1798 903 1838 documentum
928 1797 982 1836 ad
1002 1797 1227 1836 lectionem
1255 1797 1390 1835 imbre
1409 1796 1779 1847 comprobandam.
1818 1795 1903 1835 Sed
1922 1799 1969 1834 ut
1986 1795 2171 1834 sonitum
2195 1792 2399 1843 placidae

57 1875 193 1916 aquae
220 1864 328 1914 (scil.
356 1864 597 1911 Silanorum,
625 1866 673 1901 ut
700 1862 916 1901 Dissenius
935 1862 1235 1911 interpretatur
1245 1860 1295 1912 7’)
1317 1873 1467 1901 somno
1494 1861 1755 1900 conciliando
1776 1861 2039 1912 aptissimum
2060 1869 2155 1898 esse
2173 1856 2398 1907 unusquis-

58 1940 144 1981 que
169 1929 329 1980 optime
353 1927 529 1976 tenebit,
557 1929 616 1966 ita
642 1938 721 1978 ego
751 1926 923 1977 quidem
950 1938 1036 1966 non
1062 1927 1273 1977 intellego,
1305 1927 1517 1976 quomodo
1545 1926 1714 1976 9elidae
1742 1937 1878 1976 aquae
1906 1925 2080 1963 hiberno
2101 1927 2246 1962 austro
2275 1923 2400 1973 fusae

0 2037 3 2039 ,
55 2006 208 2036 somno
241 1993 436 2034 ducendo
474 1992 702 2042 quicquam
736 1992 967 2031 adiumenti
1006 1992 1170 2042 possint
1188 1991 1368 2031 adferre.
1420 1991 1526 2038 Quid
1545 2002 1647 2030 vero
1668 1991 1748 2030 dici
1775 1995 1917 2041 potest
1944 1991 2081 2040 aptius
2109 1999 2237 2039 quam
2257 1989 2402 2037 iqnem

58 2061 228 2111 „calore
260 2070 339 2098 suo
359 2057 551 2097 membra
569 2057 836 2096 solventem“
854 2056 1023 2096 allicere
1041 2056 1269 2096 somnum‘?
1289 2057 1448 2096 Deinde
1466 2061 1635 2107 tempus
1649 2056 1829 2096 hiemale
1846 2055 2064 2094 vocabulis
2077 2053 2240 2103 qetidas
2260 2051 2400 2090 hiber-

57 2129 242 2165 nustam
255 2124 437 2175 graviter
448 2123 638 2172 effertur,
653 2128 699 2162 ut
714 2124 812 2173 iyne
830 2124 1033 2174 optimam
1052 2128 1094 2162 et
1113 2134 1249 2174 paene
1266 2123 1550 2162 necessariam
1569 2123 1774 2172 exprimat
1793 2121 2099 2172 oppositionem
2115 2120 2225 2158 inter
2242 2118 2401 2169 gelidas

0 2203 6 2219 2
58 2191 152 2231 illas
165 2193 441 2241 tempestates
455 2188 474 2227 f
481 2189 582 2227 oris
597 2190 836 2228 saevientes
850 2193 893 2228 et
906 2189 1047 2238 ignem
1059 2189 1072 2226 i
1083 2192 1200 2227 ntus
1214 2188 1257 2226 in
1270 2179 1365 2227 foco
1381 2189 1594 2227 lucentem
1609 2192 1653 2227 et
1667 2188 1985 2227 calefacientem
1994 2185 2063 2237 (cf.
2073 2196 2112 2223 v.
2125 2184 2182 2234 6).
2211 2184 2402 2233 Denique

0 2285 8 2289 -
60 2265 256 2295 securum
273 2264 379 2294 voce
396 2254 496 2303 iqne
513 2254 729 2304 praeclare
747 2254 993 2302 illustratur,
1012 2254 1169 2304 quippe
1187 2264 1286 2293 cum
1311 2254 1402 2303 ipse
1421 2254 1528 2303 ignis
1555 2264 1754 2293 securum
1778 2251 1930 2291 reddat
1947 2262 1972 2289 a
1989 2250 2138 2300 gelidis
2162 2249 2244 2288 illis
2265 2247 2403 2288 hiber-

58 2321 219 2371 nisque:
227 2319 566 2369 tempestatibus.
612 2317 753 2358 Imbre
780 2322 924 2358 autern
944 2329 995 2358 ex
1015 2319 1258 2358 coniectura
1276 2318 1434 2358 librarii
1453 2319 1689 2369 profectum
1708 2328 1804 2357 esse
1822 2328 1908 2356 non
1927 2319 2006 2364 est,
2026 2315 2139 2365 quod
2158 2325 2256 2354 cum
2275 2315 2397 2353 Ross-

0 2403 6 2412 .
58 2385 206 2436 bergio
218 2388 467 2432 statuamus,
483 2383 593 2433 quia,
608 2386 656 2422 ut
670 2386 788 2422 recte
803 2382 903 2422 dicit
916 2381 1219 2430 Broukhusius‚
1228 2381 1419 2431 imbre(s)
1435 2387 1478 2422 et
1491 2383 1562 2432 iyre
1569 2382 1649 2433 e(s)
1662 2382 1840 2431 saepein
1855 2379 2070 2420 codicibus
2079 2379 2404 2418 confunduntur.

202 2450 346 2498 Porro,
389 2450 583 2506 quamvis
621 2453 738 2487 recte
779 2448 938 2487 iudicet
965 2448 1244 2498 Rossbergius
1286 2449 1546 2488 lectiones
1588 2448 1830 2498 quasdam
1872 2445 2039 2485 codici
2074 2444 2109 2483 G
2145 2444 2405 2483 immixtas

63 2526 154 2566 per
186 2526 385 2555 manum
411 2515 708 2554 recentiore
721 2526 765 2554 m
792 2514 1044 2564 scripturam
1068 2515 1349 2563 antiquiorem
1376 2514 1561 2554 radendo
1581 2514 1864 2562 expellentem
1883 2511 2037 2550 nullius
2057 2521 2152 2549 esse
2171 2509 2224 2548 ad
2238 2512 2404 2547 textum

58 2580 330 2621 iudicandum
356 2582 575 2629 momenti,
604 2585 751 2620 tamen
778 2591 863 2619 non
891 2580 1028 2628 vide0‚
1056 2590 1133 2619 cur
1167 2578 1248 2618 hoc
1276 2580 1416 2629 ipsum
1444 2580 1627 2629 primum
1655 2578 1852 2625 attulerit,
1863 2574 1899 2632 ⁸)
1926 2580 1973 2615 ut
1999 2575 2255 2615 sententiam
2282 2585 2405 2614 suam

0 2682 14 2698 .st
60 2645 114 2684 de
142 2645 235 2684 cod.
264 2644 312 2684 G.
340 2645 475 2695 pretio
502 2645 710 2695 prolatam
738 2645 1035 2694 comprobaret
1042 2656 1053 2692 ;
1082 2655 1268 2694 namque
1295 2644 1455 2684 codicis
1484 2644 1660 2683 alicuius
1695 2641 1922 2681 auctoritas
1959 2641 2061 2680 solis
2095 2651 2146 2678 ex
2181 2639 2402 2689 primariae

0 2888 12 2967 ,ἔ

59 2722 212 2752 manus
239 2711 492 2751 lectionibus
519 2716 662 2761 potest
689 2711 928 2751 existimari.
979 2711 1125 2760 Neque
1154 2712 1378 2760 quisquam
1405 2709 1649 2749 infitiabitur
1676 2719 1752 2758 per
1780 2717 1951 2746 manum
1980 2706 2095 2745 illam
2122 2706 2405 2744 recentiorem

210 2975 238 3021 ¹)
263 2987 305 3022 p.
329 2976 388 3013 75.

213 3036 243 3081 ²)
267 3037 420 3075 scholia
444 3037 484 3073 in
508 3036 705 3075 Tibullum
726 3037 776 3073 cf.
802 3047 865 3083 op.
892 3037 940 3083 11,
963 3048 1001 3082 p.
1025 3036 1096 3073 878
1121 3037 1183 3072 ed.
1208 3036 1415 3072 Ruhnken.

211 3095 242 3139 ⁸)
266 3096 503 3132 Broukhusii
529 3095 652 3130 editio
676 3095 895 3131 Tibulliana
919 3095 1014 3130 mihi
1038 3099 1200 3140 praesto
1225 3104 1303 3131 non
1329 3095 1411 3130 fuit.

210 3155 240 3200 ⁴)
265 3156 422 3190 observ.
446 3165 485 3199 p.
511 3153 568 3188 21.

206 3213 239 3258 ⁸)
262 3214 419 3250 diatrib.
444 3213 541 3249 Stat.
565 3222 603 3257 p.
627 3211 709 3248 435.

207 3271 240 3315 ⁶)
265 3277 471 3309 comment„
498 3282 536 3316 p.
561 3271 619 3306 21.

209 3330 242 3372 ⁹¹)
267 3333 330 3367 ad.
354 3332 435 3367 Tib.
460 3331 489 3377 I,
514 3331 610 3378 281,
634 3341 671 3376 p.
697 3331 753 3367 55.

210 3387 242 3433 ⁸)
266 3400 305 3435 p.
329 3389 387 3426 74.

2467 418 2496 465 1,
2519 419 2604 465 1,48
