2756 3770
112 1807 141 1852 1,
167 1806 248 1851 9‚:33

1358 215 1624 255 -98-

322 354 427 393 opus
457 352 551 380 esse
580 339 844 387 coniecturis,
875 338 1027 388 quibus
1055 338 1236 387 receptis
1264 349 1318 376 ne
1346 349 1519 387 prorsus
1547 339 1720 388 quidem
1754 339 1852 378 illae
1888 338 2173 388 expediantur.
2238 339 2292 378 At
2319 351 2420 379 vero
2448 340 2592 390 verba,
2620 342 2686 380 ut'
2727 353 2729 356 ·

319 408 472 447 tradita
500 409 609 453 sunt,
638 405 802 454 integra
830 404 975 442 relicta
1004 403 1163 442 nullam
1193 405 1412 442 continent
1431 403 1720 452 offensionem,
1750 415 1858 454 quae
1878 415 1928 443 ex
1955 404 2263 454 interpolatoris
2293 405 2451 444 fabrica
2478 405 2669 455 profecta

322 484 415 512 esse
444 473 637 520 nequeat.
695 468 802 507 Nam
830 469 1025 518 primum,
1055 468 1168 517 quod
1203 467 1246 506 hi
1281 478 1430 507 versus
1459 469 1767 508 sententiarum
1803 470 1930 508 nexui
1970 481 2053 508 non
2091 469 2372 519 satisfaciunt,
2409 469 2491 510 hoc
2525 471 2667 522 ipsum

320 538 440 577 nobis
470 536 721 574 documento
760 544 855 572 esse
894 533 1021 572 debet
1058 533 1391 582 interpolationis
1402 544 1412 581 ;
1443 533 1596 572 deinde
1630 534 1740 573 bene
1777 539 1915 584 potest
1951 535 2159 584 intellegi,
2190 534 2290 585 quid
2319 535 2450 574 verba
2476 536 2514 574 si
2540 539 2671 586 putat

322 602 477 653 (puella
512 599 599 649 me)
623 610 827 648 peccasse,
863 598 995 636 ducor
1031 609 1070 637 e.
1102 609 1141 647 q.
1172 609 1203 636 s.
1234 597 1313 636 sibi
1342 598 1485 646 velint,
1515 599 1671 648 quippe
1699 598 1851 648 quibus
1880 599 1994 638 furor
2023 599 2191 649 puellae
2208 599 2445 639 accuratius
2465 603 2508 640 et
2534 601 2670 641 inten-

318 667 400 705 tius
431 661 704 704 describatur.
763 664 848 702 Hos
877 668 1020 703 autem
1048 674 1196 703 versus
1226 663 1278 701 ad
1307 663 1608 715 supponendos
1637 674 1687 702 eo
1717 663 1879 703 facilius
1907 664 2100 703 librarius
2122 663 2294 714 quidam
2314 664 2451 714 potuit
2479 676 2667 707 commo-

319 732 419 779 veri,
442 742 532 781 ,quo
562 730 870 779 frequentiores
899 734 998 768 sunt
1027 728 1137 778 apud
1166 733 1314 779 poetas
1344 729 1504 767 similes
1535 728 1614 766 loci
1643 731 1686 767 et
1714 728 1924 777 simillimi,

526 796 530 802 ¹
573 806 623 845 cf.
653 807 841 856 Propert.
869 807 934 855 IV,
964 807 1028 854 7‚3
1056 817 1148 856 sqq.
1181 805 1267 844 Cur
1295 805 1539 855 furibunda
1566 816 1679 843 mero
1709 817 1903 843 mensam
1927 806 2132 856 propellis
2161 837 2170 845 .
2202 837 2211 846 .
2241 837 2249 846 .
2279 807 2300 845 ἵ)

1180 935 1240 974 Tu.
1269 949 1365 974 vero
1394 940 1557 974 nostros
1587 936 1734 974 audam
1763 936 1948 974 invade.
1976 937 2199 987 capillos

1175 1002 1232 1040 Et
1261 1014 1356 1040 mea
1383 1003 1581 1052 formosis
1598 1002 1821 1053 'unquibus
1850 1014 1928 1040 ora
1954 1008 2068 1052 nota,

1180 1067 1240 1106 Tu
1269 1068 1469 1106 minitare
1498 1068 1663 1106 oculos
1692 1067 1872 1106 subiecta
1899 1079 2075 1106 exurere
2101 1068 2278 1118 flamma

322 1145 495 1184 Ovidius
522 1150 612 1185 tota
641 1147 776 1197 elegia
804 1147 962 1198 (Amor.
993 1148 1022 1197 Ι,
1053 1147 1095 1198 7)
1124 1146 1205 1186 hoc
1244 1148 1287 1186 in
1320 1151 1569 1197 argumento
1605 1152 1802 1186 versatur
1834 1146 2077 1195 tractand03
2115 1147 2166 1186 cf.
2204 1150 2424 1197 praeterea
2451 1146 2592 1187 Amor.
2621 1147 2671 1196 Π,

318 1210 423 1259 5,45.
452 1211 540 1251 Art.
568 1217 692 1251 amat.
721 1213 770 1251 II.
799 1213 891 1261 451,
912 1213 1079 1252 Heroid.
1103 1212 1233 1261 19,81.-
1286 1214 1411 1252 Plura
1431 1213 1625 1263 exempla
1644 1213 1856 1263 congessit
1876 1213 2106 1262 Zingerlius
2135 1213 2159 1251 l.
2189 1212 2215 1251 l.
2243 1211 2273 1251 1.
2303 1223 2342 1262 p.
2370 1211 2503 1253 9596.
2559 1211 2670 1260 Quo-

320 1276 433 1315 niam
460 1276 584 1326 igitur
612 1288 761 1316 versus
789 1277 882 1316 illos
912 1277 1206 1316 difficultatum
1243 1277 1392 1327 plenos
1429 1288 1514 1316 non
1550 1277 1677 1316 modo
1712 1289 1797 1316 non
1833 1277 2137 1325 desideramus,
2174 1276 2252 1316 sed
2286 1275 2414 1316 etiam
2446 1277 2497 1316 iis
2526 1277 2674 1317 eiectis

321 1340 480 1389 optime
509 1340 700 1390 procedit
729 1342 860 1380 oratio
890 1345 933 1380 et
961 1342 1183 1389 artissima,
1214 1341 1267 1380 de
1297 1353 1380 1391 qua
1416 1342 1617 1391 diximus,
1655 1343 1829 1382 conexio
1865 1343 1974 1381 inter
2008 1352 2158 1381 versus
2195 1341 2248 1381 70
2276 1345 2319 1380 et
2347 1341 2399 1382 73
2426 1341 2672 1400 restituitur,

320 1405 634 1445 nullus'dubito
662 1404 755 1444 hos
783 1417 966 1445 versus
995 1407 1207 1456 spurios
1237 1407 1485 1447 iudicare.
1542 1407 1662 1455 Quod
1691 1409 1726 1447 si
1753 1408 1917 1456 ita'est,
1948 1407 2166 1447 diiudicari
2195 1418 2334 1458 neque
2362 1410 2502 1457 potest
2531 1417 2674 1458 neque

319 1471 501 1510 multum
540 1471 682 1519 refert,
717 1475 861 1510 utrum
885 1483 1126 1522 properans
1163 1473 1253 1511 eius
1287 1473 1362 1521 sit,
1399 1473 1470 1522 qui
1508 1471 1590 1512 hoc
1626 1472 1836 1512 distichon
1872 1474 1914 1512 in
1950 1471 2179 1523 archetypo
2218 1471 2440 1522 supposuit
2475 1483 2528 1511 an
2569 1473 2674 1521 eius,

320 1537 391 1586 qui
419 1540 567 1585 postea
603 1541 847 1586 corruptam
881 1548 1032 1576 vocem
1067 1538 1271 1587 proprias
1307 1538 1349 1577 in
1384 1538 1477 1577 cod.
1515 1538 1549 1577 G
1577 1538 1710 1577 voluit
1739 1539 1962 1588 corrigere.
2019 1538 2169 1588 Itaque
2203 1536 2285 1577 hoc
2321 1538 2413 1577 loco
2450 1537 2494 1576 in
2531 1537 2673 1577 medio

319 1601 615 1651 relinquimus,
652 1605 794 1640 utrum
829 1602 924 1641 cod.
965 1601 998 1640 G
1035 1603 1242 1652 scriptura
1284 1603 1375 1652 ipso
1414 1613 1465 1641 ex
1509 1602 1744 1654 archetypo
1779 1604 1964 1652 fluxerit,
2000 1615 2054 1642 an
2091 1603 2319 1642 correctori
2354 1603 2409 1642 sit
2434 1602 2671 1643 tribuenda.

462 1667 550 1705 Iam
593 1667 646 1705 ad
689 1677 760 1705 eas
802 1671 1070 1706 transeamus
1114 1668 1219 1706 cod.
1258 1667 1293 1706 G
1322 1668 1616 1718 scripturas
1659 1669 2030 1719 interpolatas,
2073 1668 2263 1718 quibus
2313 1665 2670 1719 interpolator
2731 1657 2742 1666 ‘

320 1733 640 1772 sententiam
669 1733 841 1773 voluit
870 1733 1026 1781 magis
1056 1732 1246 1771 efferre
1277 1737 1432 1783 atque
1461 1744 1718 1783 premere,
1753 1734 1868 1772 velut

863 1810 893 1859 Ι,
922 1811 1014 1859 9,33
1043 1810 1113 1849 AV
1142 1809 1239 1849 Non
1268 1810 1342 1848 tibi
1370 1810 1406 1849 si
1435 1811 1623 1861 pretium
1652 1809 1895 1860 Campania
1922 1812 2065 1848 terra
2095 1810 2271 1848 daretur

1091 1875 1125 1915 G
1175 1894 1205 1925 ἠ
1303 1907 1326 1926 27
1383 1907 1406 1925 υ
1517 1907 1540 1926 97
1757 1907 1780 1925 υ
1926 1878 2033 1914 tota

322 1951 382 1989 Ac
418 1950 700 1992 Baehrensius
735 1954 822 1990 tota
862 1953 905 1992 in
940 1957 1103 1992 textum
1139 1955 1319 2004 recepit,
1357 1955 1399 1994 id
1437 1954 1551 2004 quod
1588 1965 1683 1993 eam
1725 1953 1779 1992 ob
1823 1963 1995 1992 causam
2030 1953 2128 1992 ferri
2167 1953 2329 2002 nequit,
2365 1953 2463 2004 quia
2501 1936 2668 2004 versus,

322 2016 393 2065 qui
421 2017 611 2065 sequitur
991 2012 1090 2057 Non
1118 2018 1194 2057 tibi
1222 2019 1258 2057 si
1287 2019 1421 2057 Bachi
1450 2030 1554 2057 cura
1582 2018 1839 2057 Falernus
1868 2030 1988 2067 aqer

319 2092 493 2131 prorsus
522 2086 636 2122 esset
664 2094 1005 2133 supervacaneus
1033 2089 1161 2134 atque
1188 2085 1343 2134 inanis;
1375 2095 1558 2134 namque
1587 2088 1630 2123 et
1659 2084 1861 2123 Falernus
1890 2095 1991 2134 ager
2019 2084 2063 2122 in
2091 2084 2318 2134 Campania
2346 2084 2451 2123 situs
2481 2087 2557 2124 est.
2614 2085 2669 2124 At

317 2158 421 2186 vero
452 2145 695 2197 Campania
725 2152 842 2187 terra
871 2153 913 2188 et
942 2148 1153 2188 Falernus
1182 2162 1284 2200 aqcr
1318 2151 1520 2199 optimam
1549 2153 1592 2188 et
1626 2149 1877 2188 concinnam
1905 2148 2093 2188 efficiunt
2121 2149 2450 2199 oppositionem,
2479 2160 2598 2198 cum,
2628 2153 2672 2189 ut
2727 2142 2729 2146 ’

319 2216 436 2252 recte
464 2214 644 2262 explicat
672 2213 942 2265 Dissenius,1)
971 2216 1085 2265 prior
1111 2227 1262 2254 versus
1292 2215 1344 2254 ad
1374 2219 1519 2254 notam
1546 2214 1804 2253 fertilitatem
1833 2217 1876 2252 et
1904 2213 2222 2253 frumentum
2257 2214 2511 2265 Campaniae
2544 2215 2670 2264 perti-

319 2281 428 2326 neat,
449 2279 655 2327 posterior
669 2279 722 2317 ad
750 2279 839 2318 eius
859 2280 1053 2329 vinum,
1083 2291 1210 2330 quem
1230 2281 1362 2331 gignit
1381 2281 1583 2320 Falernus
1602 2290 1702 2329 ager
1721 2279 2056 2318 celeberrimum.
2109 2278 2212 2317 Tota
2231 2283 2374 2319 autem
2394 2280 2671 2330 interpolator

320 2343 542 2392 scripsisse
572 2343 749 2392 videtur,
778 2347 826 2382 ut
853 2345 940 2383 vim
969 2345 1069 2384 iuris
1088 2345 1252 2384 iurandi
1273 2350 1465 2395 augeret3
1495 2349 1714 2395 praeterea
1741 2343 1855 2383 haud
1883 2345 1971 2383 scio
1992 2355 2046 2383 an
2071 2345 2254 2384 elocutio
2276 2343 2524 2395 Campania
2553 2348 2672 2387 terra

320 2409 565 2458 scrupulum
585 2409 798 2458 quendam
818 2410 853 2448 ei
883 2410 1084 2459 iniecerit,
1106 2411 1203 2460 quia
1230 2414 1368 2450 terrae
1386 2421 1543 2450 nomen
1564 2409 1759 2449 adiectivi
1787 2409 1880 2448 loco
1900 2409 2088 2458 positum
2116 2413 2194 2458 est,
2224 2410 2343 2448 cuius
2372 2421 2474 2449 usus
2503 2409 2671 2451 dicendi

319 2471 431 2513 haud
469 2474 527 2512 ita
562 2473 794 2524 frequentis
831 2474 937 2514 haec
973 2476 1115 2514 inveni
1150 2476 1344 2525 exempla
1380 2497 1434 2504 -
1470 2475 1623 2526 Vulpii,
1653 2486 1782 2527 quem
1809 2476 1926 2515 locos
1955 2475 2201 2525 congesisse
2229 2466 2412 2515 editores
2445 2479 2670 2526 testantur,

321 2538 448 2578 editio
476 2539 580 2579 mihi
608 2545 775 2590 praesto
810 2552 896 2579 non
930 2540 1007 2580 fuit
1035 2563 1087 2568 —
1106 2540 1258 2590 Africa
1281 2544 1397 2578 terra
1422 2540 1508 2593 (vel
1526 2543 1643 2580 terra
1660 2539 1832 2591 Africa)
1861 2540 1984 2579 Ennii
2010 2540 2157 2590 fragm.
2178 2540 2205 2580 6
2223 2551 2262 2590 p.
2291 2540 2346 2581 46
2374 2539 2457 2593 (ed.
2478 2539 2670 2592 Vahlen),
2733 2564 2748 2573 κ

321 2604 440 2654 Verg.
470 2605 576 2644 Aen.
607 2606 672 2654 IV,
701 2606 766 2655 37,
795 2606 880 2645 Liv.
918 2606 1067 2655 XXIX,
1096 2607 1167 2655 233
1209 2609 1327 2645 terra
1370 2606 1513 2646 Gallia
1557 2607 1676 2663 Caes.
1721 2606 1818 2646 bell.
1862 2604 1967 2644 Gall.
2001 2605 2032 2654 I,
2060 2606 2134 2654 303
2178 2607 2294 2643 terra
2326 2604 2543 2656 Hispania
2579 2606 2668 2647 Liv.

321 2668 541 2719 XXXVIII,
574 2671 648 2720 58;
678 2670 914 2710 Pharsalia
940 2674 1055 2710 terra
1083 2672 1168 2711 Liv.
1198 2672 1385 2721 XXXIII,
1414 2673 1451 2712 6.

463 2736 594 2774 Porro
621 2736 652 2784 Ι,
682 2736 759 2785 ⁷133,
788 2736 860 2775 ubi
889 2736 1089 2776 exhibent
1117 2738 1188 2777 AV
1217 2769 1437 2777 ......
1467 2737 1707 2788 Aquitanas
1731 2740 1870 2787 posset
1898 2735 1972 2786 qui
1999 2736 2222 2786 fundere
2250 2738 2389 2786 qentcs

320 2810 396 2849 pro
425 2800 610 2850 fundere
639 2805 856 2840 corrector
886 2802 977 2841 cod.
1006 2801 1041 2840 G
1070 2802 1320 2853 franqere
1349 2803 1577 2852 substituit,
1606 2814 1689 2853 qua
1717 2813 1823 2841 voce
1853 2805 1896 2841 et
1924 2800 2110 2841 hostium
2137 2802 2293 2841 ferocia
2321 2805 2365 2841 et
2391 2777 2561 2841 victoris
2588 2800 2670 2841 for·

319 2865 456 2904 titudo
485 2867 619 2916 magis
648 2867 883 2907 efferretur.
949 2868 1078 2907 Multo
1116 2872 1232 2908 certe
1268 2869 1358 2907 veri
1394 2873 1460 2908 est
1495 2868 1672 2908 similius
1706 2867 2054 2917 interpolatorem
2081 2888 2132 2896 —
2159 2878 2259 2906 nam
2293 2878 2370 2917 per
2404 2866 2668 2906 librariorum

322 2931 631 2980 neglegentiam
661 2933 842 2972 alterum
871 2933 1049 2972 verbum
1078 2944 1130 2972 ex
1159 2933 1290 2972 altero
1322 2934 1388 2973 vix
1417 2934 1652 2984 profectum
1689 2942 1785 2972 esse
1813 2935 1954 2982 potest
1982 2954 2034 2960 —
2063 2932 2233 2972 auxisse
2266 2933 2384 2971 vocis
2419 2932 2505 2971 vim
2539 2941 2669 2982 quam

322 2995 554 3046 infregisse.
611 2997 811 3037 Similiter
839 3009 888 3037 ac
916 2997 999 3038 hoc
1027 2999 1119 3038 loco
1149 2998 1334 3049 fundere
1361 3003 1588 3050 usurpatur
1616 3011 1652 3038 e.
1681 3010 1718 3048 g.

430 3070 550 3111 Ovid.
583 3073 748 3111 Metam.
779 3073 843 3122 VI,
870 3074 951 3113 425
974 3073 1190 3112 Threicius
1214 3073 1364 3113 Tereus
1391 3075 1493 3113 haec
1523 3074 1599 3127 (sc.
1629 3073 1814 3124 agmina)
1843 3073 2130 3112 auaeiliaribus
2159 3074 2293 3112 armis
2328 3072 2564 3112 Fuderat

660 3137 691 3176 F
696 3142 772 3176 ast.
802 3138 847 3187 V,
876 3139 956 3178 578
986 3170 994 3178 .
1026 3170 1034 3178 .
1066 3170 1074 3178 .
1106 3170 1114 3178 .
1143 3143 1182 3177 et
1210 3140 1329 3189 fuso
1360 3141 1492 3179 laetus
1522 3138 1572 3178 ab
1601 3140 1722 3193 hoste
1742 3138 1867 3178 redit.
1899 3161 1951 3167 —

471 3376 497 3421 ¹)
521 3382 729 3415 comment.
754 3389 791 3423 p.
816 3379 897 3414 184.
