2756 3770
1399 228 1664 267 -22-

143 358 171 402 Ι,
197 358 281 406 233
357 354 442 395 huc
470 355 568 394 illuc
595 355 757 392 textum
785 354 902 390 recte
930 350 1171 389 restitutum
1206 361 1314 398 esse,
1351 350 1466 389 velut
1494 350 1524 400 Ι,
1559 352 1651 399 233
1687 351 1805 390 docet
1837 363 1914 402 pro
1949 351 2167 403 archetypi
2201 354 2382 395 lectione
2417 356 2546 405 decet,
2586 357 2697 407 quod

138 1270 166 1314 1,
191 1270 272 1317 8,17

137 1982 165 2030 Ι,
190 1985 271 2030 252

358 420 530 471 quidem
559 416 840 456 Baehrensius
877 419 1024 454 censet
1059 425 1184 464 posse
1220 415 1404 464 retineri,
1433 416 1469 454 si
1503 427 1570 455 vv,
1599 416 1652 456 29
1681 421 1723 456 et
1750 418 1803 457 30
1840 428 1916 456 suo
1954 418 2047 456 loco
2083 418 2244 457 alienos
2281 423 2376 469 post
2413 432 2448 460 v.
2478 422 2531 461 22
2557 425 2693 462 trans·

355 485 633 537 posuerimus.
690 481 825 528 Quam
853 479 960 519 haec
989 491 1190 530 perversa
1218 481 1272 518 sit
1300 481 1523 529 sententia,
1553 482 1712 532 liquido
1733 482 1964 532 adparebit,
1995 484 2029 522 si
2056 484 2360 523 sententiarum
2389 497 2544 526 nexum
2572 497 2696 527 accu-

352 550 483 590 ratius
510 546 835 597 respexerimus.
891 546 1022 584 Poeta
1051 546 1176 593 enim,
1207 545 1278 594 qui
1307 549 1502 585 versatur
1530 547 1572 586 in
1599 547 1740 586 verbis
1769 548 2027 587 illustrandis
2056 547 2201 586 Fortes
2231 548 2410 587 adiuvat
2437 550 2533 600 ipsa
2558 550 2697 591 Venus

353 626 404 654 ea
432 611 696 664 progreditur
722 612 791 650 via
819 610 1154 660 argumentandi,
1184 614 1229 649 ut
1257 611 1441 659 primum
1471 611 1555 663 (vv.
1593 612 1769 662 17—22)
1798 614 1974 652 alteram
2012 614 2122 653 illius
2157 615 2392 657 sententiae
2426 620 2590 665 partem
2624 628 2694 657 ex-

350 681 493 731 planet
521 680 702 718 adiuvat
730 680 851 730 ipsa
885 677 1076 724 Venus;
1105 688 1232 727 quem
1269 678 1321 716 ad
1357 677 1486 717 finem
1521 679 1772 728 pronomine
1808 678 1887 717 illa
1921 690 2122 718 versuum
2153 679 2216 727 17,
2245 679 2308 727 19,
2337 679 2401 729 20,
2429 681 2478 721 21
2509 682 2552 721 in
2579 683 2695 722 initio

350 746 485 796 posito
528 746 659 795 ipsius
693 745 869 784 Veneris
904 754 1132 794 personam
1168 744 1352 782 maxima
1386 754 1484 782 cum
1526 744 1595 782 via
1636 747 1762 793 atque
1799 744 2004 793 gravitate
2041 745 2213 783 extollit.
2257 744 2437 785 ‘Deinde
2470 750 2696 797 postquam

350 812 520 851 omnino
550 811 603 850 de
630 810 795 849 Venere
823 810 915 860 ipsa
944 809 1200 848 amatoribus
1229 809 1397 847 favente
1426 808 1555 848 verba
1583 809 1694 857 fecit,
1723 809 1822 848 inde
1842 820 1866 848 a
1893 821 2020 849 versu
2048 811 2100 850 23
2119 811 2270 850 transit
2298 811 2350 850 ad
2379 812 2556 851 alteram
2583 811 2695 852 illius

348 878 586 917 sententiae
615 880 779 926 partem
808 875 967 925 fortes
997 874 1178 912 adiuvat
1206 874 1302 923 ipsa
1338 871 1490 921 Venus,
1522 884 1608 912 non
1637 885 1799 921 omnes,
1827 874 1940 913 solos
1971 874 2113 923 fortes,
2144 887 2245 924 quos
2265 887 2340 914 nee
2360 877 2521 914 inertia
2549 877 2698 916 tardat

348 954 383 982 e.
414 954 453 993 q.
484 954 534 991 s.‚
571 942 641 991 qui
669 945 938 980 transcursus
980 940 1199 989 aptissime
1242 939 1289 977 fit
1317 939 1458 977 verbis
1500 950 1575 976 nec
1618 938 1753 976 docet
1802 939 1876 976 hoc
1917 951 2061 978 omnes
2099 945 2244 990 aperte
2279 942 2602 991 respicientibus
2641 943 2695 982 ad

346 1019 385 1045 v.
432 1007 484 1046 19
531 1006 695 1045 initium
748 1005 827 1044 itla
883 1005 1042 1044 docet.
1130 1005 1250 1043 Hunc
1297 1008 1438 1043 autem
1489 1014 1640 1043 sensus
1691 1015 1866 1052 nexum,
1926 1012 2055 1054 quem
2103 1005 2221 1045 vides
2263 1007 2554 1056 planissimum
2600 1019 2696 1048 esse

352 1076 479 1122 atque
517 1071 791 1118 artissimum,
826 1070 1020 1109 versibus
1060 1070 1181 1110 2930
1221 1069 1452 1108 interiectis
1500 1069 1609 1107 ultro
1658 1069 1832 1119 adparet
1868 1070 1990 1109 foede
2033 1070 2193 1109 turbari
2233 1075 2362 1121 atque
2391 1071 2532 1112 deleri.
2589 1072 2696 1119 Quid

354 1142 497 1177 autem
531 1136 803 1176 statuendum
850 1137 903 1174 sit
952 1135 1005 1174 de
1047 1134 1292 1174 Baehrensii
1339 1135 1562 1182 sententia,
1606 1145 1688 1184 qua
1724 1139 1840 1184 putat
1882 1146 1948 1173 vv.
1992 1135 2112 1175 2930
2146 1147 2223 1175 suo
2263 1137 2355 1176 loco
2397 1138 2556 1177 alienos
2601 1149 2698 1178 esse

351 1203 496 1242 videas
525 1203 653 1242 velim
681 1202 787 1242 infra
808 1213 847 1252 p.
870 1202 924 1242 34
942 1202 1020 1240 sub
1042 1201 1118 1240 No.
1139 1200 1207 1241 IV.
1244 1201 1332 1240 Nec
1352 1202 1490 1240 minus
1525 1205 1640 1240 recte
1663 1223 1714 1229 —
1732 1205 1778 1240 ut
1813 1202 1940 1241 etiam
1975 1201 2056 1241 hoc
2095 1203 2139 1241 in
2161 1206 2406 1243 transcursu
2421 1213 2620 1242 moneam
2646 1223 2696 1231 —-

346 1268 453 1308 haec
492 1270 624 1309 altera
661 1268 819 1307 codicis
857 1267 892 1306 G
929 1278 1080 1307 manus
1116 1267 1146 1315 Ι,
1185 1267 1276 1315 8,17
1309 1278 1417 1304 num
1455 1269 1494 1303 te
1526 1265 1789 1315 pallentibus
1819 1266 1958 1304 herbis
1990 1297 1997 1305 .
2030 1298 2038 1305 .
2067 1266 2262 1306 devovit.
2294 1279 2415 1306 ‚anus
2444 1267 2624 1308 correxit
2652 1267 2701 1307 in

342 1333 618 1385 pollentibus,
651 1333 850 1389 quoniam
877 1331 959 1372 hoc
991 1333 1085 1372 loco
1114 1333 1205 1372 sola
1232 1332 1287 1371 de
1305 1331 1347 1369 vi
1387 1334 1428 1369 et
1456 1331 1646 1380 potentia
1664 1331 1925 1381 magicarum
1952 1342 2095 1371 rerum
2124 1333 2259 1382 agitur
2272 1331 2307 1383 1)

917 1411 967 1450 cf.
999 1410 1118 1450 ovid.
1150 1411 1258 1450 Fast.
1287 1411 1336 1459 II,
1366 1411 1446 1450 425
1475 1439 1683 1450 ......
1712 1421 1799 1447 non
1828 1411 1874 1446 tu
1898 1408 2220 1458 pollentibus
2249 1409 2384 1448 herbis

1341 1474 1425 1513 Nec
1449 1483 1571 1524 prece
1600 1486 1674 1512 nec
1701 1473 1863 1524 ‘maqieo
1893 1474 2082 1512 carmine
2111 1477 2245 1513 mater
2273 1474 2371 1514 eris.

345 1542 512 1582 Metam.
545 1541 705 1591 1v‚49;
735 1542 855 1592 Verg.
887 1542 990 1581 Aen.
1018 1540 1102 1589 vn,
1140 1540 1211 1589 19;
1256 1540 1446 1588 xl1‚402
1474 1538 1763 1589 potentibus
1793 1538 1927 1577 herbis

485 1654 606 1694 Nunc
635 1665 735 1694 vero
764 1654 816 1693 ad
846 1665 919 1693 eos
947 1657 1213 1692 transeamus
1241 1653 1369 1700 locos,
1398 1652 1470 1691 ubi
1500 1651 1733 1691 codicem
1769 1652 1993 1692 Grevera
2017 1652 2397 1703 interpolatum
2423 1662 2542 1692 esse
2566 1654 2693 1693 certis

344 1718 623 1759 demonstrari
651 1723 793 1771 potest
821 1718 1092 1769 argumentis.
1149 1718 1287 1768 Atque
1315 1718 1479 1756 initium
1509 1718 1672 1768 capiam
1701 1728 1726 1756 a
1746 1717 1838 1756 loco
1868 1717 2050 1768 quodam
2080 1717 2296 1768 aptissimo
2325 1720 2368 1757 et
2387 1710 2629 1769 Rossbergii
2649 1722 2690 1758 et

310 1789 315 1792 “
342 1784 585 1824 Baehrensii
614 1785 822 1825 rationem
850 1784 902 1823 ad
930 1783 1223 1824 illustrandam
1251 1787 1378 1834 atque
1406 1783 1648 1831 notandam,
1677 1783 1787 1821 illius
1816 1783 2000 1833 quidem,
2034 1784 2118 1833 qui,
2147 1787 2194 1822 ut
2221 1782 2313 1822 cod.
2348 1784 2383 1823 G
2413 1787 2572 1824 statum
2600 1795 2691 1824 cor·

342 1854 512 1901 ruptum
533 1851 711 1899 evincat,
740 1851 882 1890 omnia
909 1850 1105 1889 moliatur
1134 1852 1261 1899 atque
1290 1849 1344 1888 ad
1373 1849 1513 1888 omnia
1532 1847 1774 1896 descendat,
1805 1849 2000 1898 neglegat
2026 1848 2133 1887 tales
2162 1848 2291 1897 locos,
2320 1849 2392 1888 ubi
2419 1849 2685 1900 interpolatio

344 1915 562 1955 evidenter
596 1919 737 1966 potest
773 1915 1060 1966 comprobari;
1095 1914 1233 1963 huius,
1263 1914 1334 1965 qui
1363 1923 1672 1964 saepenumero
1701 1912 1895 1952 codicum
1925 1913 1995 1952 AV
2022 1914 2205 1964 integras
2239 1913 2470 1965 scripturas
2501 1915 2685 1966 interpo-

343 1981 449 2020 latas
478 1980 704 2020 arbitratus
733 1984 893 2021 temere
921 1984 1124 2031 sequatur
1153 1979 1244 2019 cod.
1275 1979 1321 2018 G.
1379 1979 1575 2029 Legimus
1603 1979 1728 2028 igitur
1754 1978 1784 2027 I,
1812 1979 1973 2027 2,51.52

869 2057 916 2098 51
1051 2056 1157 2095 Cum
1187 2054 1282 2094 libet
1311 2055 1412 2093 haec
1439 2054 1551 2093 tristi
1580 2055 1751 2106 depellit
1777 2055 1928 2093 nubila
1955 2055 2068 2094 caelo

869 2124 922 2163 52
952 2123 1021 2162 AV
1052 2121 1158 2161 Cum
1187 2120 1281 2160 libet
1309 2120 1508 2159 aestivo
1537 2123 1734 2159 convocat
1762 2119 1875 2158 orbe
1903 2120 2021 2158 nives

975 2186 1010 2226 G
1099 2217 1122 2235 „
1218 2216 1242 2235 „
1298 2184 1526 2223 aestivas
1615 2216 1638 2235 ,‚
1748 2196 1831 2223 ore
1939 2215 1963 2234 ,‚

344 2265 479 2313 Quam
508 2264 787 2304 differentiam
817 2264 1089 2314 perspicuum
1118 2267 1182 2302 est
1210 2273 1286 2313 per
1314 2262 1578 2302 librariorum
1608 2263 1916 2312 neglegentiam
1951 2266 2087 2302 ortam
2123 2273 2219 2302 esse
2247 2273 2332 2302 non
2359 2273 2497 2314 posse.
2554 2263 2690 2311 Quae·

343 2331 458 2379 ritur,
497 2333 592 2370 utra
625 2329 781 2369 familia
816 2329 1011 2369 codicum
1044 2328 1126 2369 hoc
1161 2330 1253 2368 loco
1287 2329 1597 2378 interpolationi
1633 2328 1813 2368 obnoxia
1854 2329 1907 2367 sit
1949 2328 2156 2368 habenda.
2229 2328 2369 2379 Atque
2402 2330 2487 2369 iam
2521 2329 2682 2371 dudum

342 2397 595 2446 interpretes
624 2396 766 2435 locum
794 2395 1007 2445 quendam
1035 2394 1171 2434 Ovidii
1199 2393 1579 2433 luculentissimum
1607 2394 1848 2443 attulerunt,
1876 2393 1949 2433 ubi
1976 2394 2079 2433 item
2108 2393 2258 2433 dicitur
2284 2393 2340 2434 de
2364 2394 2524 2445 ingenti
2549 2405 2677 2446 sagae

343 2463 383 2502 vi
414 2466 456 2501 et
483 2461 669 2512 potentia
730 2461 869 2500 Amor.
898 2460 929 2509 Ι,
957 2459 1089 2508 8,9.10
1146 2457 1253 2497 Cum
1279 2457 1412 2496 voluit
1439 2461 1521 2496 toto
1551 2458 1842 2508 qlomerantur
1869 2457 2017 2498 nubila
2044 2458 2155 2497 caelo

1145 2523 1252 2562 Cum
1279 2523 1412 2562 voluit
1435 2535 1568 2574 puro
1599 2523 1731 2574 fulyet
1758 2523 1804 2561 in
1834 2522 1950 2562 orbe
1978 2522 2083 2563 dies.

343 2592 433 2640 Quo
461 2592 554 2631 loco
590 2591 789 2641 quoniam
824 2589 996 2629 Ovidius
1032 2589 1242 2628 Tibullum
1277 2589 1499 2627 manifesto
1527 2589 1725 2636 imitatur,
1759 2588 1966 2638 scriptura
2001 2587 2273 2627 aestivo-orbe
2307 2589 2537 2640 stabilitur;
2575 2588 2687 2629 orbis

343 2662 484 2698 autem
517 2657 632 2697 idem
659 2660 725 2696 est
754 2654 867 2705 quod
896 2655 1077 2704 caelum,
1108 2654 1224 2694 velut
1252 2664 1400 2704 paneg.
1431 2654 1597 2693 Messal.
1627 2653 1706 2694 159

927 2718 1013 2758 Seu.
1037 2719 1218 2769 propior
1246 2719 1371 2757 terris
1401 2719 1657 2756 aestivum
1686 2718 1826 2768 fertur
1853 2719 1900 2756 in
1930 2717 2110 2758 orbem.

341 2786 424 2826 Sed
460 2786 672 2826 accedunt
707 2786 804 2834 alia,
841 2784 992 2835 quibus
1021 2785 1142 2823 codd.
1181 2784 1251 2823 AV
1285 2785 1494 2834 scriptura
1530 2784 1600 2824 vel
1634 2784 1818 2823 maxime
1852 2784 2185 2824 commendetur.
2248 2785 2435 2825 Primum
2470 2786 2582 2826 enim
2611 2799 2683 2826 ore

338 2851 442 2891 illud
468 2855 557 2890 tam
584 2851 798 2901 superflue
825 2850 958 2890 verbo
987 2853 1186 2888 convocat
1213 2849 1455 2899 adpositum
1475 2853 1553 2896 est,
1582 2853 1627 2888 ut
1646 2849 1841 2888 facillime
1863 2860 1912 2888 eo
1931 2850 2143 2899 possimus
2164 2861 2320 2890 carere.
2363 2850 2521 2890 Deinde
2540 2855 2682 2892 autem
2731 2855 2736 2859 ”

342 2915 620 2955 aestivo-orbe
655 2925 791 2966 paene
819 2916 1061 2955 necessario
1090 2915 1304 2955 censenda
1332 2915 1411 2953 erit
1440 2915 1622 2964 genuina
1649 2914 1869 2964 scriptura,
1898 2915 1934 2954 si
1962 2919 2273 2965 pentametrum
2309 2927 2407 2956 cum
2435 2915 2680 2956 hexametro

342 2982 715 3031 composuerimus.
771 2981 966 3031 Namque
1002 2984 1174 3031 apertae
1210 2979 1495 3030 oppositionis,
1525 2990 1634 3029 quae
1662 2974 1780 3020 extat
1812 2980 1923 3019 inter
1957 2980 2063 3019 duos
2096 2991 2261 3030 versus,
2297 2981 2514 3021 acuendae
2548 2985 2677 3032 atque

341 3043 599 3095 premendae
626 3058 754 3086 causa
780 3057 865 3086 non
893 3046 1020 3086 modo
1049 3057 1222 3086 versum
1249 3046 1404 3093 versui,
1424 3045 1502 3084 sed
1530 3045 1658 3084 etiam
1685 3045 1816 3085 verba
1834 3045 1976 3084 verbis
1995 3057 2176 3086 nervosa
2196 3046 2478 3086 concinnitate
2506 3057 2680 3098 respon-

342 3110 444 3150 dere
473 3111 604 3150 voluit
632 3115 757 3161 poeta

486 3400 512 3445 ¹)
537 3401 584 3436 cf.
610 3402 762 3437 Dissen.
787 3404 997 3438 comment.
1022 3411 1059 3446 p.
1085 3400 1165 3437 170.
