2756 3770
1145 242 1414 282 -29-

113 376 120 390 ‘
168 379 171 382 ⁴
242 370 432 420 Denique
483 373 625 410 extant
666 369 768 417 loci,
815 367 970 418 quibus
1020 367 1374 417 interpolator
1426 367 1768 416 nescioquam
1821 366 1884 406 ob
1930 376 2145 407 causam
2165 377 2280 417 ‚pro
2326 378 2452 407 vera

101 435 334 514 rectione
360 435 513 475 aliam
541 445 724 474 vocem
750 443 962 484 prorsus
992 432 1224 472 eiusdem
1251 432 1659 482 significationis
1686 432 1990 480 immiscuit,
2017 432 2135 472 velut

630 511 662 559 Ι,
689 509 783 559 8,60
809 509 880 549 AV
907 508 965 547 Et
990 508 1216 558 strepitu
1246 507 1362 546 nullo
1390 508 1498 546 clam
1528 519 1743 546 reservare
1771 509 1882 558 fores

843 574 878 613 G
944 605 967 620 ,‚
1009 573 1181 612 sonitu
1263 603 1273 621 ,

106 664 191 708 quo
231 653 325 693 loco
362 665 416 694 ne
448 652 743 695 Baehrensius
760 651 936 702 quidem
974 651 1067 691 cod.
1104 651 1139 690 G
1175 655 1348 691 secutus
1382 655 1459 690 est.
1517 651 1657 701 Atque
1692 649 1871 701 strepitu
1904 650 1969 691 his
1995 647 2247 707 'Tibullianis
2281 651 2450 691 fulcitur

103 718 210 760 locis
235 719 443 761 similibus
608 718 613 719 ⁷
666 717 697 766 Ι,
724 717 817 765 6,62
847 715 1068 767 Goynoscit
1095 714 1347 766 strepitus
1375 727 1441 754 me
1468 715 1660 754 veniente
1682 715 1843 766 pedum

669 782 699 829 Ι,
726 782 818 829 2,37
847 780 956 820 Neu
968 780 1194 831 strepitu
1223 782 1372 819 terrete
1395 780 1556 830 pedum

387 861 440 900 cf.
470 859 588 900 Ovid.
618 859 713 898 Met.
742 859 846 907 XIV,
875 859 952 899 782
981 856 1066 896 Nec
1092 856 1369 907 strepitum
1396 868 1512 896 verso
1540 856 1754 896 Saturnia
1780 858 1956 898 cardine
1983 861 2094 910 fecit.

105 925 324 977 Nusquam
350 925 464 975 apud
492 925 702 964 Tibullum
739 924 894 964 talibus
928 924 971 962 in
998 924 1118 963 furtis
1145 924 1359 962 amatoriis
1388 922 1677 962 describendis
1706 922 1867 961 sonitus
1896 924 2068 973 dicitur,
2106 937 2204 965 cum
2232 936 2360 963 sonus
2388 926 2450 964 in-

106 991 312 1039 veniatur,
341 989 585 1039 cf.1,2‚.20
878 1037 882 1038 ⁷

246 1055 408 1096 Deinde
434 1055 465 1102 I,
493 1055 613 1103 10,46
641 1054 839 1095 exhibent

767 1132 840 1172 AV
866 1131 999 1170 Duxit
1025 1133 1222 1169 araturos
1251 1129 1324 1168 sub
1352 1131 1466 1179 iu9a‘
1482 1142 1644 1169 curva
1671 1129 1787 1169 boves

779 1197 815 1238 G
921 1227 946 1246 θ’
1114 1226 1138 1245 ’9
1274 1226 1298 1244 97
1386 1226 1411 1244 27
1474 1208 1506 1245 Ρ
1516 1195 1620 1234 and
1630 1207 1658 1233 a
1718 1227 1742 1245 θ’

104 1268 402 1323 Baehrensius,
431 1285 690 1325 quamquam
717 1275 817 1313 olim
829 1272 863 1324 1)
898 1284 995 1313 cum
1030 1271 1246 1312 Huschkio
1260 1271 1296 1323 ²)
1331 1273 1511 1322 dixerat,
1540 1284 1671 1311 curva
1706 1273 1857 1312 Tibulli
1891 1273 2148 1323 simplicitati
2182 1276 2313 1324 magis
2349 1287 2447 1314 con-

102 1341 262 1388 venire,
287 1344 432 1386 tamen
456 1340 608 1390 panda
634 1341 678 1379 in
696 1344 860 1379 textum
877 1339 1048 1389 recepit.
1091 1338 1175 1378 Sed
1203 1339 1385 1388 primum
1404 1342 1522 1378 recte
1539 1342 1686 1377 monet
1704 1339 1985 1389 Rossbergius
1996 1336 2031 1388 3)
2048 1339 2219 1388 pandus
2239 1338 2448 1390 nusquam

103 1405 187 1456 legi
219 1405 262 1445 in
299 1404 451 1445 Tibulli
486 1406 742 1446 carminibus
776 1415 1008 1455 eorumque
1044 1404 1239 1453 asseclis,
1276 1405 1475 1455 septies
1509 1416 1663 1442 curvus
1698 1404 1747 1455 (1,
1784 1404 1870 1452 4,8;
1907 1404 1957 1453 H,
1986 1404 2097 1453 1,86;
2126 1405 2175 1453 ΙΙ,
2203 1406 2288 1454 3,7;
2318 1407 2447 1457 Lygd.

102 1470 216 1520 5,16;
243 1481 393 1522 paneg.
422 1470 545 1510 Mess.
574 1471 639 1520 20,
654 1470 846 1520 94,125)
893 1469 1054 1508 Deinde
1084 1473 1228 1509 autem
1249 1470 1553 1509 documentum
1580 1469 1890 1519 gravissimum,
1910 1470 2024 1519 quod
2045 1470 2176 1508 miror
2193 1470 2446 1520 interpretes

69 1521 80 1532 ’
104 1535 313 1595 effigians,
339 1535 439 1575 inde
465 1539 604 1585 potest
632 1535 797 1584 adferri,
826 1534 940 1584 quod
961 1533 1147 1582 Ovidius,
1176 1535 1248 1584 qui
1266 1533 1381 1574 hunc
1400 1534 1551 1574 Tibulli
1578 1545 1753 1574 versum
1779 1534 1911 1574 verbo
1937 1539 2064 1574 tenus
2091 1546 2218 1574 suum
2251 1535 2443 1585 reddidit,

103 1591 278 1651 optimis
301 1599 519 1639 codicibus
546 1601 801 1640 testantibus
831 1601 935 1650 iuqa
963 1612 1094 1638 curva
1123 1600 1225 1639 dixit

580 1677 633 1706 cx
660 1667 795 1705 Ponto
821 1667 975 1715 1,8,54
1001 1665 1163 1704 Ducam
1191 1665 1400 1704 ruricolas
1427 1664 1501 1703 sub
1528 1664 1651 1714 iuya
1677 1677 1836 1703 curva
1862 1664 1993 1713 boves,

102 1739 362 1780 quamquam
389 1730 473 1771 hoc
502 1742 672 1781 quoque
699 1731 793 1770 loco
821 1731 1055 1770 deteriores
1083 1731 1204 1770 codd.
1236 1730 1391 1780 panda
1426 1729 1645 1779 praebent.
1656 1728 1692 1780 4)
1747 1730 1799 1769 Et
1825 1728 1908 1769 hoc
1942 1729 2147 1769 Ovidiano
2183 1730 2276 1769 loco
2311 1734 2354 1770 et
2382 1731 2447 1770 Ti-

99 1793 300 1844 bulliano,
326 1794 381 1834 de
409 1806 492 1845 quo
520 1797 669 1846 agitur,
697 1796 1022 1845 interpolatores
1050 1796 1199 1846 procul
1227 1795 1353 1834 dubio
1382 1796 1484 1834 talia
1510 1795 1721 1834 recordati
1749 1799 1847 1834 sunt
1866 1795 2072 1845 exempla,
2102 1795 2254 1845 quibus
2274 1795 2447 1836 Ovidius

100 1859 209 1910 iuqa
230 1859 386 1910 panda
413 1860 527 1909 dixit,
562 1860 676 1910 quod
711 1861 965 1900 vocabulum
993 1862 1165 1900 omnino
1199 1860 1270 1900 hic
1305 1864 1430 1911 poeta
1465 1861 1509 1899 in
1547 1859 1707 1899 deliciis
1743 1858 1889 1908 habet3
1926 1859 1978 1899 cf.
2007 1870 2043 1899 e.
2071 1871 2109 1910 g.
2140 1860 2310 1900 Heroid.
2340 1861 2453 1910 6‚10,›

99 1925 244 1964 Amor.
271 1924 303 1973 Ι,
331 1925 451 1973 13,12
480 1926 580 1976 (vid.
610 1926 830 1965 Heinsium
857 1927 910 1966 ad
940 1927 1026 1966 Art.
1056 1938 1128 1966 am
1156 1927 1186 1975 I,
1214 1926 1324 1976 318).
1382 1927 1437 1964 At
1465 1930 1612 1964 contra
1639 1925 1817 1975 legimus
1846 1925 1952 1975 iuqa
1981 1936 2114 1963 curva
2133 1926 2246 1965 Fast.
2270 1926 2335 1974 IV,
2354 1926 2445 1965 216.

241 1989 361 2030 Idem
401 1990 603 2030 iudicium
647 1990 867 2031 ferendum
908 1994 986 2031 erit
1028 1992 1082 2032 de
1126 1992 1361 2031 differentia
1395 2002 1420 2029 a
1454 1990 1710 2030 Baehrensio
1757 1994 1798 2029 et
1831 1989 2086 2039 Rossbergio
2128 1994 2293 2039 vexata,
2335 2001 2445 2040 quae

100 2058 217 2094 extat
242 2055 274 2103 I,
301 2055 346 2104 2,
352 2055 380 2095 6

771 2110 840 2148 AV
869 2109 1098 2149 Clauditur
1125 2113 1163 2147 et
1191 2110 1304 2148 dura
1333 2110 1469 2147 ianua
1495 2108 1657 2158 firma
1684 2119 1778 2146 sera

788 2174 823 2213 G
965 2206 990 2224 22
1124 2206 1149 2225 '9
1218 2185 1247 2224 „¹
1386 2205 1410 2224 22
1509 2173 1654 2223 fulta
1697 2203 1721 2221 '2

98 2242 258 2291 Ac'ille
285 2249 460 2300 quidem
499 2250 553 2289 ad
588 2251 746 2291 codicis
775 2251 811 2291 G
838 2253 1091 2302 scripturam
1118 2252 1476 2303 comprobandam
1510 2250 1724 2290 mordicus
1758 2254 1877 2289 tenet
1892 2248 1927 2301 ⁵)
1967 2249 2103 2290 Ovidii
2135 2252 2288 2300 locum,
2317 2263 2444 2302 quem

95 2313 276 2364 legimus
304 2314 393 2355 Art.
424 2327 505 2355 am.
533 2316 583 2364 II,
611 2317 691 2356 244
875 2316 1014 2367 Atque
1041 2318 1123 2356 erit
1150 2318 1344 2368 opposita
1371 2317 1510 2354 ianua
1537 2315 1677 2365 fulta
1704 2326 1815 2354 sera.

97 2379 183 2419 Sed
224 2380 325 2430 quid
366 2380 555 2430 impedit,
584 2383 810 2431 quominus
839 2386 1073 2422 statuamus
1103 2382 1298 2421 Ovidium
1338 2393 1423 2421 non
1463 2380 1578 2420 hunc
1606 2381 1844 2430 expresisse
1872 2381 2013 2420 locum
2045 2381 2337 2430 Tibullianum,
2366 2382 2443 2421 sed

98 2455 211 2494 eum,
238 2455 367 2495 quem
393 2446 572 2496 legimus
605 2447 636 2495 I,
664 2447 757 2495 8,76
788 2446 1074 2496 Quaecunque
1102 2448 1352 2497 opposita
1379 2450 1439 2484 est
1468 2447 1640 2484 ianua
1668 2445 1786 2483 dura
1810 2445 1964 2483 sera?

98 2508 154 2548 Ut
180 2514 324 2549 autem
350 2509 433 2550 hoc
461 2522 515 2551 ex
542 2512 735 2562 exemplo
764 2512 904 2562 colligi
930 2513 1076 2561 nequit
1105 2511 1301 2551 Ovidium
1328 2523 1404 2562 pro
1433 2511 1548 2561 fulta
1575 2511 1796 2560 scripsisse
1824 2509 1951 2559 dura,
1970 2511 2028 2550 ita
2053 2511 2127 2551 ille
2154 2512 2284 2560 locus,
2315 2522 2443 2561 quem

98 2573 382 2614 Baehrensius
408 2575 451 2613 in
480 2577 840 2626 comparationem
867 2577 1043 2624 vocavit,
1073 2587 1159 2615 non
1185 2576 1341 2616 sufficit
1367 2576 1422 2616 ad
1450 2575 1609 2615 codicis
1638 2575 1673 2614 G
1702 2577 1956 2626 scripturam
1983 2576 2098 2626 fulta
2134 2576 2440 2616 stabiliendam.

98 2639 271 2687 Deinde,
297 2643 347 2678 ut
373 2640 417 2678 in
444 2641 584 2690 priore
612 2641 845 2681 Tibulliano
873 2641 1068 2691 exemplo
1087 2641 1136 2692 (I,
1164 2641 1248 2690 2,6)
1267 2641 1382 2679 dura
1398 2653 1507 2689 sera,
1527 2641 1761 2691 posteriore
1779 2640 1828 2691 (1,
1846 2639 1957 2692 8,76)
1978 2642 2116 2679 ianua
2144 2641 2258 2679 dura
2276 2642 2439 2691 dicitur,

98 2704 161 2743 sic
189 2705 359 2743 omnino
386 2705 597 2744 invenitur
621 2706 749 2745 modo
767 2707 895 2758 firma
922 2718 1029 2755 sera,
1057 2706 1184 2746 modo
1211 2706 1340 2757 firma
1368 2707 1522 2755 ianua3

436 2781 487 2820 cf.
517 2781 591 2820 Ov.
621 2793 672 2821 ex
700 2783 820 2822 Pont.
849 2783 879 2832 Ι,
907 2784 1000 2832 2,22
1028 2782 1240 2833 Partaque
1266 2783 1340 2821 via:
1367 2783 1530 2833 firma
1558 2786 1787 2822 summovet
1814 2795 1940 2821 arma
1966 2795 2099 2821 sera.

669 2847 810 2887 Amor.
838 2848 887 2897 II,
919 2849 1010 2896 12,3
1065 2847 1200 2885 ianua
1226 2848 1354 2899 firma

100 2920 307 2968 Quoniam
341 2922 467 2973 igitur
500 2937 579 2965 nos
614 2937 772 2976 ponere
806 2937 983 2966 neeesse
1019 2938 1103 2966 non
1138 2932 1202 2966 est
1238 2926 1386 2966 Ovidio
1423 2926 1573 2966 Tibulli
1607 2927 1766 2976 locum,
1794 2927 1848 2967 de
1883 2938 1967 2977 quo
1995 2927 2142 2977 agitur,
2170 2926 2442 2965 obversatum

247 3168 275 3213 ι)
297 3169 380 3205 Tib.
407 3168 556 3203 Blatter
580 3176 616 3211 p.
640 3166 699 3202 62.

246 3226 275 3270 ²)
300 3228 394 3263 edit..
420 3237 459 3271 p.
482 3225 565 3261 263.

244 3284 275 3330 ³)
298 3296 337 3331 p.
361 3285 418 3321 76.

245 3343 275 3387 ⁴)
299 3345 348 3380 cf.
372 3344 510 3380 Kornii
534 3343 626 3379 edit.
651 3353 687 3388 p.
714 3342 774 3378 30.

245 3402 279 3448 ⁵)
303 3403 402 3447 prol.
425 3402 482 3438 17.

2525 510 2553 558 1,
2577 511 2662 554 8‚60

2523 1053 2552 1099 1,
2575 1053 2682 1099 1o,46

2515 2059 2546 2107 1,
2570 2060 2634 2106 2‚6
