2756 3770
152 941 179 983 1,
205 940 286 985 1,29

75 2779 191 2823 Lygd.
204 2779 282 2825 5,11

1401 227 1664 266 -16—

364 357 449 398 Sed
477 358 670 407 primum,
700 354 899 404 quoniam
930 355 1095 391 constat
1124 350 1372 400 saepissime
1402 349 1597 391 Ovidium
1634 351 1890 391 Tibullianos
1928 350 2188 402 expressisse
2215 351 2344 402 locos,
2355 352 2392 404 1)
2427 364 2504 397 cur
2535 353 2710 395 tandem

362 420 476 461 hunc
505 422 644 459 locum
673 416 961 468 excipiamus?
981 415 1140 455 Deinde
1168 418 1286 454 recte
1315 419 1462 454 contra
1481 415 1783 465 Rossbergium
1810 420 1954 456 monet
1979 415 2260 455 Baehrensius
2278 427 2430 457 vocem
2449 421 2606 457 nutwm
2623 428 2737 482 per
2738 424 2751 445 N

363 497 411 526 se
440 486 605 524 facilem
633 484 850 522 intellectu
877 482 1038 521 nullam
1068 480 1236 520 librario
1265 480 1471 530 praebere
1498 481 1687 530 potuisse
1715 492 1863 520 ansam
1892 480 2141 529 corrigendi.
2198 481 2395 521 Attamen
2423 466 2737 522 Baehrensius

361 557 403 595 in
433 549 626 597 eundem,
656 558 783 597 quem
812 545 1066 595 Rossbergio
1102 545 1327 594 opproprio
1363 544 1447 593 dat,
1484 556 1673 584 errorem
1708 546 1799 595 ipse
1833 546 1988 594 incidit,
2018 557 2116 584 cum
2144 543 2288 596 dicit2)
2319 549 2448 584 nutus
2475 558 2552 597 per
2579 547 2707 587 inter-

361 615 615 665 polationem
643 613 687 651 in
716 611 954 662 expeditius
981 611 1077 650 esse
1105 609 1313 649 refictum.
1362 609 1480 658 Nam,
1510 620 1586 649 cur
1614 614 1759 649 contra
1786 613 1830 650 in
1857 622 1964 650 voce
1992 611 2132 649 vultus
2163 610 2384 651 offenderit
2411 611 2605 652 librarius
2633 615 2707 651 aut

361 680 460 730 quid
490 678 750 729 expediverit
777 675 995 724 mutando,
1025 686 1103 725 ego
1133 674 1306 724 quidem
1336 685 1421 713 non
1441 675 1665 724 perspicio.
1718 676 1856 724 Atque
1877 686 1946 714 res
1964 675 2274 725 simplicissima
2293 686 2388 715 esse
2408 675 2508 716 mihi
2526 676 2707 717 videtur.

360 747 465 785 Nam
494 746 529 784 si
557 742 951 798 palaeographicam
979 753 1070 781 rem
1099 744 1357 791 spectamUS,
1385 745 1516 779 nutus
1544 746 1631 780 tam
1660 752 1792 791 prope
1821 741 1941 781 abest
1959 754 1984 781 a
2011 743 2166 789 vultus,
2198 745 2244 781 ut
2272 739 2378 780 haec
2405 751 2488 780 vox
2515 751 2614 782 eum
2640 741 2711 784 illa

358 811 554 850 facillime
583 820 660 859 per
688 808 904 848 librarium
931 807 1113 857 potuerit
1141 805 1353 845 confundi.
2538 823 2541 826 >

502 876 630 914 Porro
653 873 932 913 Baehrensius
963 877 1002 911 et
1023 871 1302 920 Rossbergius
1330 872 1442 910 inter
1470 882 1516 910 se
1545 871 1789 910 discordant
1818 872 1871 910 de
1890 871 2126 911 differentia
2146 872 2352 921 codicum,
2373 882 2501 921 quam
2530 872 2708 922 legimus

812 939 841 988 Ι,
870 939 962 987 1,29
992 937 1026 976 G
1056 936 1141 975 Nee
1170 941 1312 974 tamen
1341 936 1561 974 interdum
1588 936 1748 986 pudeat
1777 938 1961 974 tenuisse
1989 936 2216 975 bidentem

967 1003 1036 1042 AV
1078 1033 1101 1050 „
1211 1033 1234 1050 ,‚
1424 1032 1446 1050 „
1651 1032 1673 1050 „
1853 1033 1876 1050 „
1977 1001 2176 1041 bidentes

358 1073 610 1122 Priusquam
651 1070 951 1117 discernimus,
990 1069 1162 1118 pluralis
1198 1078 1400 1106 numerus
1443 1078 1495 1106 an
1530 1067 1751 1117 singul-iris
1793 1072 1911 1107 recte
1953 1079 2048 1107 sese
2090 1068 2256 1117 habeat,
2297 1069 2589 1119 quaerendum
2629 1072 2707 1118 est,

359 1148 567 1187 quaenam
595 1136 659 1174 vis
689 1137 785 1174 insit
813 1134 1033 1182 vocabulo,
1064 1133 1117 1172 de
1137 1144 1220 1183 quo
1241 1134 1389 1182 agitur.
1433 1133 1571 1182 Atque
1593 1132 1780 1170 bidentes
1808 1132 1890 1172 hoc
1912 1133 2006 1172 loco
2034 1133 2147 1172 idem
2166 1134 2406 1184 significare
2429 1134 2542 1184 quod
2562 1145 2654 1172 oves
2665 1132 2702 1184 3)

358 1202 462 1241 duas
492 1201 545 1240 ob
575 1211 724 1239 causas
753 1201 879 1238 statui
908 1200 1057 1248 requit.
1116 1199 1308 1248 Namque
1337 1199 1519 1248 primum
1548 1199 1672 1248 paulo
1701 1198 1809 1237 infra
1836 1209 1920 1237 uno
1957 1199 2204 1248 interposito
2238 1209 2368 1239 versu
2404 1198 2702 1240 molestissime

358 1267 549 1307 eiusdem
578 1266 743 1316 pecoris
771 1266 927 1304 iterum
956 1265 1078 1303 fieret
1106 1265 1471 1303 commemoratio:
1503 1276 1589 1302 non
1619 1275 1866 1314 aqnamve
1894 1264 1993 1302 sinu
2026 1264 2175 1318 piqeat
2205 1295 2212 1303 .
2243 1295 2251 1303 .
2282 1295 2289 1302 .
2319 1265 2482 1315 referre
2509 1264 2702 1304 domum.

358 1333 518 1372 Deinde
558 1333 700 1371 autem
743 1330 874 1370 verba
922 1330 1106 1368 tenuisse
1150 1329 1358 1377 bidentes,
1402 1339 1511 1379 quae
1559 1341 1644 1369 non
1686 1330 1811 1368 video
1859 1329 1959 1379 quid
2004 1329 2116 1368 aliud
2162 1330 2323 1379 possint
2371 1329 2609 1380 significare
2650 1340 2701 1369 ac

354 1398 630 1448 possidere
659 1408 765 1443 ove3‚
797 1395 1103 1434 sententiarum
1132 1395 1257 1433 nexui
1286 1405 1520 1444 repugnare
1550 1393 1652 1433 mihi
1681 1395 1887 1433 videntur.
1953 1394 2180 1443 Postquam
2224 1396 2336 1434 enim
2373 1394 2552 1434 disticho
2590 1399 2708 1435 ante-

357 1464 536 1503 cedente
566 1463 649 1512 (vv.
666 1461 807 1509 2728)
826 1461 878 1500 de
894 1462 1004 1499 vitae
1034 1471 1137 1499 suae
1157 1461 1354 1499 inertia
1382 1465 1508 1510 atque
1528 1460 1802 1508 iucunditate,
1819 1471 1946 1510 quam
1975 1461 2017 1500 in
2037 1462 2146 1500 otio
2166 1466 2275 1511 agat,
2294 1462 2428 1502 verba
2447 1462 2545 1502 fecit
2563 1466 2700 1513 poeta,

356 1528 469 1579 quod
486 1538 597 1566 nunc
614 1527 748 1576 pergit
764 1538 837 1564 nec
852 1530 997 1564 tamen
1013 1520 1235 1564 interdu-m
1251 1525 1412 1575 pudeat
1427 1526 1592 1564 nonnisi
1615 1526 1668 1564 ad
1700 1526 1961 1565 actionem
1991 1527 2203 1576 quandam
2220 1531 2346 1577 atque
2376 1539 2547 1578 operam
2574 1529 2705 1568 mani·
2741 1551 2748 1557 -

356 1594 511 1633 festum
541 1596 606 1631 est
634 1603 732 1630 eum
761 1595 969 1641 spectare,
987 1591 1053 1630 cui
1069 1591 1211 1630 sensui
1229 1592 1442 1639 „tenuisse
1466 1593 1617 1630 oves“
1636 1592 1823 1639 minime,
1843 1593 2000 1641 optime
2022 1594 2234 1641 „tenuisse
2255 1593 2483 1643 ligones“
2497 1594 2704 1642 convenit,

355 1660 414 1699 ita
440 1663 486 1698 ut
512 1658 582 1698 hic
611 1658 816 1697 efficiatur
844 1667 995 1696 sensus
1024 1658 1312 1707 planissimus:
1343 1667 1422 1695 nec
1450 1661 1593 1696 tamen
1621 1657 1831 1696 interdum
1851 1658 2006 1707 pudeat
2025 1669 2094 1697 me
2114 1670 2262 1708 agrum
2283 1659 2422 1698 colere
2441 1662 2512 1698 aut
2532 1658 2707 1708 ligone

357 1727 525 1778 glaebas
555 1726 811 1765 incidentem
850 1726 921 1761 aut
963 1722 1127 1762 bobus
1163 1726 1364 1761 arantem.
1428 1722 1516 1760 Iam
1559 1733 1662 1760 vero
1706 1723 1776 1771 qui
1814 1722 2018 1771 pluralem
2062 1733 2298 1762 numerum·
2326 1722 2513 1760 bidentes
2553 1722 2703 1762 volunt
2742 1722 2746 1725 ”

356 1794 567 1844 praeferri,
597 1794 772 1832 censent
807 1791 848 1828 in
877 1799 983 1828 voce
1011 1788 1232 1826 interdum
1262 1789 1522 1838 repetitionis
1564 1788 1750 1827 abditam
1786 1789 1918 1827 latere
1952 1774 2368 1838 significationem.4)
2414 1787 2499 1828 Sed
2520 1788 2717 1838 primum.

356 1863 474 1899 recte
512 1859 683 1897 adnotat
718 1854 1005 1906 Dissenius:5)
1050 1855 1145 1904 „ubi
1188 1855 1455 1894 interdum
1498 1858 1627 1902 tenet,
1670 1866 1823 1893 unum
1864 1854 2079 1893 bidentem
2116 1857 2231 1893 tenet
2267 1857 2404 1903 poeta,
2439 1854 2706 1904 nonvplures

356 1925 519 1964 simul.“
574 1922 734 1962 Deinde
762 1922 914 1973 [autem
950 1921 1150 1970 quoniam
1189 1919 1407 1957 interdum
1443 1919 1605 1969 pudeat
1639 1929 1724 1957 non
1760 1919 1899 1957 solum
1935 1918 1987 1957 ad
2024 1919 2206 1956 tenuisse
2236 1918 2440 1966 bidentes,
2471 1917 2704 1958 sedetiam

356 1990 410 2029 ad
439 1989 610 2027 stimulo
630 1988 892 2038 increpuisse
911 1986 1028 2023 boves
1048 1984 1318 2024 referendum
1348 1995 1442 2024 esse
1472 1989 1804 2023 consentaneum
1825 1989 1902 2033 est,
1930 1994 2008 2023 cur
2026 1987 2171 2033 poeta,
2191 1984 2228 2023 si
2246 1984 2541 2034 repetitionem
2567 1984 2700 2022 voluit

357 2056 606 2105 exprimere,
635 2046 802 2105 scripsit
821 2053 1000 2092 stimulo
1030 2063 1080 2091 ac
1109 2062 1194 2090 non
1219 2052 1358 2100 potius
1387 2050 1608 2089 stimans?
1644 2050 1790 2099 Immo,
1820 2052 1959 2100 ipsum
1986 2049 2068 2089 hoc
2096 2051 2271 2089 stimulo
2305 2049 2472 2100 flagitat,
2499 2054 2549 2098 ut
2573 2050 2704 2088 etium

358 2121 581 2159 bidentem
610 2121 812 2170 legamus,
843 2121 898 2159 ita
919 2123 965 2159 ut
987 2118 1095 2158 haec
1121 2118 1204 2156 duo
1223 2117 1503 2156 instrumenta
1531 2117 1688 2156 rustica
1716 2115 1797 2155 hoc
1826 2116 1918 2155 loeo
1947 2116 2057 2155 inter
2091 2126 2139 2154 se
2174 2115 2471 2166 respondeant.
2527 2115 2617 2154 Iam
2645 2114 2705 2153 of.-

355 2186 462 2227 haec
491 2188 684 2236 exempla

643 2251 760 2290 Ovid.
792 2252 932 2290 Amor.
961 2251 991 2299 I,
1021 2250 1084 2299 13,
1116 2250 1233 2289 11.12
1265 2248 1415 2286 Prima
1444 2246 1650 2285 bidente
1679 2247 1796 2284 vides
1827 2250 2021 2284 oneratos
2050 2257 2158 2284 arva
2183 2245 2359 2284 colentes

1264 2314 1416 2352 Prima
1443 2324 1562 2351 vocas
1592 2312 1734 2349 tardos
1764 2311 1836 2349 sub
1865 2313 1968 2361 iuqa
1994 2310 2144 2360 panda
2171 2309 2303 2350 boves,

880 2383 1027 2422 Tibull.
1057 2382 1086 2427 Ι,
1116 2381 1234 2429 1Ο,49
1264 2379 1374 2418 Pace
1404 2378 1585 2416 bidens
1614 2389 1836 2427 vomerque
1865 2375 2051 2427 nitentss)

1051 2448 1100 2496 ΙΙ,
1129 2448 1167 2495 3,
1182 2446 1248 2486 56
1286 2474 1764 2484 ........
1821 2454 1948 2493 quam
1976 2442 2149 2492 fortiter
2175 2442 2265 2480 illic

1278 2509 1496 2548 Ver-sarem
1525 2509 1667 2547 valido
1692 2509 1854 2558 pinque
1882 2506 2089 2545 bidente
2117 2507 2263 2545 solum.

359 2581 605 2631 Corluptela
635 2584 775 2619 autem
806 2579 1006 2616 bidentes
1036 2589 1087 2617 ex
1107 2577 1325 2626 sequentis
1356 2586 1503 2614 versus
1523 2573 1852 2613 homoioteleuto
1883 2573 2013 2611 boves
2042 2577 2136 2612 orta
2164 2584 2258 2612 esse
2277 2567 2444 2612 videtur
2461 2572 2532 2625 (cf.
2551 2576 2702 2654 paneg,

359 2647 591 2686 Messa1.v.
619 2644 711 2692 206,
740 2643 810 2683 ubi
839 2643 1033 2693 fiyuram
1062 2641 1134 2693 (G)
1164 2652 1216 2680 ex
1244 2640 1533 2680 antecedentis
1561 2649 1709 2678 versus
1738 2638 1822 2677 fine
1852 2642 2038 2676 mortem
2066 2639 2252 2688 profecta
2280 2643 2356 2678 est
2418 2663 2419 2666 =

500 2712 629 2750 Porro
659 2710 861 2760 optimam
891 2709 981 2747 cod.
1011 2707 1045 2746 G
1075 2706 1245 2747 exhibet
1273 2707 1525 2755 scripturam

750 2774 878 2826 Lygd.
905 2774 992 2822 5,11
1039 2772 1074 2812 G
1119 2772 1203 2810 Nec
1230 2784 1306 2810 nos
1334 2770 1614 2819 sacrileyos
1644 2769 1808 2819 templis
1838 2769 2114 2807 ammovimus
2144 2769 2260 2819 iynes

1009 2838 1079 2877 AV
1141 2868 1163 2885 ‚,
1247 2867 1270 2884 „
1333 2834 1610 2883 sacrileqis

509 3037 533 3080 ¹)
560 3037 608 3072 cf.
633 3035 809 3080 Zingerle
843 3034 1033 3080 „Ovidius
1066 3033 1145 3068 und
1177 3033 1263 3067 sein
1295 3030 1522 3067 Verhaltnis
1556 3041 1605 3066 zu
1636 3031 1713 3066 den
1739 3031 1998 3074 Vorgangern
2031 3030 2112 3065 und
2144 3029 2446 3075 gleichzeitigen
2476 3028 2704 3068 romischen

359 3097 568 3133 Dichtern“
590 3095 622 3138 Ι,
648 3105 684 3140 p.
710 3095 763 3130 54.
783 3103 870 3138 sqq.

497 3155 526 3198 2)
552 3155 648 3199 prol.
675 3164 711 3198 p.
739 3154 793 3189 17.

506 3213 534 3258 ³)
559 3214 606 3250 ef.
633 3212 863 3248 Richterum
888 3211 928 3246 in
953 3210 1132 3246 Bursiani
1159 3210 1287 3246 annal.
1313 3220 1346 3246 a.
1373 3209 1478 3255 1873,
1504 3219 1538 3254 p.
1565 3209 1659 3244 1452

506 3272 534 3314 ⁴)
561 3273 608 3308 of.
635 3271 921 3315 Rossbergium
945 3270 969 3305 1.
994 3270 1018 3305 l.
1044 3279 1081 3314 p.
1109 3269 1165 3305 75.

506 3332 535 3375 5)
560 3333 598 3366 in
625 3331 879 3366 adnotatione
900 3330 1039 3368 critica
1065 3330 1172 3374 (edit.
1198 3339 1235 3374 p.
1261 3329 1309 3373 2).

506 3390 535 3435 ⁶)
561 3391 607 3425 cf.
634 3391 730 3424 infra
758 3400 794 3434 p.
828 3400 891 3440 23,
