2756 3770
1099 245 1363 284 ..523-

696 367 804 406 Cum
830 365 926 406 libet
952 367 1055 405 haec
1081 366 1226 404 tristi
1254 366 1426 417 depellit
1451 366 1599 406 nubila
1627 368 1765 407 caelo

730 419 837 494 Ci'tm
865 418 961 494 libet
1034 417 1231 494 aest¹ivo
1274 418 1472 494 conlocat
1499 425 1772 496 orff‘n‘ives.

0 522 4 548 ·'
55 522 286 580 Perperam
313 526 456 562 autem
484 518 656 561 Vossius
668 520 704 571 1)
731 522 774 560 in
802 531 853 560 eo
882 519 1030 568 haesit,
1059 520 1172 569 quod
1201 524 1326 570 poeta
1352 531 1497 570 sagam
1516 521 1734 560 induceret
1762 523 1919 560 aestivo
1938 527 2131 573 tempore
2150 522 2268 560 nives
2297 531 2399 569 con-

45 581 293 643 flammam.
348 588 433 628 Sed
460 588 504 627 in
531 587 612 627 hoc
637 588 742 637 ipso,
770 586 931 636 opinor,
959 589 1110 635 poetae
1129 586 1399 635 cognoscitur
1417 587 1650 635 consilium,
1680 587 1751 635 qui
1779 586 1831 625 ad
1851 588 2068 637 ingentem
2086 588 2174 626 vim
2191 587 2401 636 magicam

50 653 380 712 'describendam
405 645 507 692 talia
539 655 799 705 portentosa-
816 661 962 700 sagam
996 650 1127 700 fingat
1164 650 1466 700 perficientem.
1493 649 1550 680 '—
1576 652 1740 701 Itaque.
1759 662 1844 690 non
1880 652 2050 692 codices
2080 653 2151 691 AV
2184 651 2267 691 hoc
2305 651 2400 690 loco

46 715 487 768 ‘cum'Baehrensie2)
504 708 788 766 ‘interpolatos
815 715 1106 763 iudicabimus
1133 715 1209 761 sed
1238 716 1378 765 potius
1408 716 1499 755 cod.
1530 716 1577 755 G.
1635 716 1854 763 Quomodo
1884 722 2028 757 autem
2067 722 2161 757 orta
2189 718 2244 756 sit
2271 718 2399 756 inter-

0 769 11 836 :
57 784 490 834 polatio,‘rectissime
517 783 698 833 explicat
726 779 973 832 Heynius.3)
1029 781 1259 831 Postquam
1288 782 1401 820 enim
1430 780 1526 820 orbe
1557 783 1600 821 in
1629 794 1701 820 ore
1729 782 1829 822 abiit
1857 805 1910 810 —
1938 794 2048 833 quae
2075 783 2282 822 vocabula
2309 793 2402 832 per-

0 862 18 907 f*
56 858 187 901 saepe
213 847 527 888 confunduntur
553 848 595 886 in
624 846 839 886 codicibus
869 846 919 884 cf.
949 856 985 884 e.
1014 856 1052 895 g.
1082 857 1230 896 paneg.
1261 846 1307 885 71
1332 868 1383 874 —
1402 846 1685 896 interpolator,
1705 851 1751 886 ut
1779 858 1930 887 sensus
1969 849 2235 898 procederet,
2263 847 2403 886 adiec-

54 912 192 964 tivum
218 913 376 965 aestivo
404 912 616 963 adaptavit
643 912 737 950 voci
764 912 894 949 nives.

100 974 102 978 '
197 977 359 1020 Eadem
391 979 552 1028 ratione
588 982 686 1016 nata
718 977 886 1016 videtur
927 975 1021 1016 cod.
1056 974 1091 1014 G
1121 975 1407 1025 interpolatio,
1437 987 1547 1025 quae
1576 980 1689 1015 extat
1716 976 1746 1024 I,
1776 977 1879 1025 7,54,
1919 976 1990 1015 ubi
2025 978 2209 1026 graviter
2243 977 2402 1016 discor-

58 1042 167 1110 ᾱιῃι·
185 1044 309 1086 codd.
926 1043 928 1045 ·

83 1150 86 1151 γ
652 1109 722 1148 AV
750 1107 876 1146 Liba
904 1111 942 1146 et
970 1106 1187 1158 Mopsopio
1216 1106 1364 1146 dulcia
1391 1105 1573 1158 mella4)
1609 1107 1782 1157 feram

57 1211 75 1227 ,7
157 1223 162 1229 ι
666 1173 887 1213 GLibem
909 1204 934 1223 „
1014 1211 1023 1218 ,
1077 1203 1101 1221 ,,
1264 1203 1287 1221 ,,
1388 1172 1523 1210 mella
1610 1172 1744 1222 favo.

51 1230 150 1291 Ἠοο
176 1251 347 1293 quoque
374 1239 468 1279 loco
497 1238 778 1279 Baehrensius
805 1239 897 1278 cod.
928 1237 963 1277 G
991 1243 1162 1278 secutus
1198 1242 1282 1287 est,
1325 1248 1583 1288 quamquam
1613 1238 1807 1287 exempla
1842 1237 1895 1276 ab
1931 1237 2228 1287 interpretibus
2263 1238 2403 1277 adlata

14 1342 17 1344 .
46 1296 298 1346 >luculenter
325 1306 481 1345 docent
509 1304 631 1344 codd.
662 1303 732 1342 AV
760 1308 924 1342 rectum
953 1301 1153 1342 exhibere
1179 1306 1378 1345 textum„
1413 1303 1518 1342 Cum
1553 1307 1735 1352 uterque
1771 1307 1912 1342 textus
1947 1307 2092 1352 aptum
2126 1302 2280 1342 efficiat
2307 1314 2402 1342 sen-

58 1382 171 1421 sum,
199 1371 436 1411 differentia
463 1369 743 1410 discernenda
773 1370 851 1407 erit
871 1379 922 1407 ex
941 1378 1097 1417 genere
1116 1367 1285 1406 dicendi
1303 1367 1458 1406 talibus
1476 1368 1520 1406 in
1539 1368 1758 1406 sacrificiis
1778 1368 1970 1406 solemni.
1999 1367 2088 1407 Iam
2105 1368 2195 1418 ipse
2214 1367 2401 1407 Tibullus

0 1435 7 1493 ζ
57 1429 158 1478 leco.
179 1434 278 1476 huic
305 1435 518 1475 simillimo
546 1436 589 1474 in
616 1434 767 1474 eadem
801 1444 848 1472 re
881 1437 1076 1472 versatur
1108 1432 1406 1481 describenda,
1442 1433 1605 1472 scilicet
1639 1432 1689 1480 ΙΙ,
1726 1432 1898 1481 2‚3—8,
1932 1432 2004 1471 ubi
2040 1431 2118 1471 hos
2154 1444 2304 1472 versus
2332 1433 2403 1472 vel

56 1499 319 1552 aliquantum
346 1501 416 1540 vel
443 1511 616 1550 prorsus
644 1499 803 1538 similes
829 1498 1088 1538 invenimus:

0 1618 2 1630 ζ
55 1577 106 1627 ΙΙ,
132 1577 201 1627 (ιβ
233 1575 425 1616 orantur
448 1577 530 1627 pia
557 1579 677 1614 tura
705 1575 810 1626 focis
839 1596 883 1611 =
911 1575 942 1624 Ι,
972 1575 1064 1623 '7,53
1094 1574 1170 1612 tibi
1200 1573 1296 1612 dem
1327 1575 1464 1612 turis
1495 1575 1673 1612 honores

0 1645 19 1665 ’·
55 1642 108 1692 11,
133 1633 201 1692 2,ss
229 1641 312 1680 Cui
339 1641 536 1680 decorent
563 1643 731 1679 sanctas
759 1639 906 1678 mollia
934 1644 1048 1678 serta
1074 1651 1212 1678 comas
1239 1653 1284 1668 =
1310 1640 1342 1688 Ι,
1379 1641 1469 1689 7‚52
1503 1639 1559 1678 Et
1594 1639 1730 1690 capite
1758 1643 1796 1677 et
1830 1640 1933 1678 collo
1963 1640 2113 1678 mollia
2141 1645 2251 1679 serta
2282 1643 2403 1691 qerat

0 1742 2 1748 ,
52 1707 104 1756 Π,
130 1708 196 1757 23
224 1706 351 1746 Illius
386 1718 498 1757 puro
542 1705 754 1744 destillent
791 1710 982 1755 tempora
1009 1705 1148 1743 nardo
1178 1725 1222 1740 =
1250 1705 1282 1754 I,
1312 1705 1399 1754 7,51
1432 1705 1556 1744 Illius
1592 1718 1613 1744 e
1650 1705 1789 1744 nitido
1824 1705 1983 1744 stillent
2018 1709 2209 1755 unqenta
2245 1706 2399 1756 capillo

0 1757 3 1761 ”
51 1771 104 1822 ΙΙ,
130 1772 198 1821 2,8
225 1771 363 1822 Atque
390 1775 512 1809 satur
541 1769 642 1809 libo
670 1771 726 1808 sit
755 1770 1008 1820 madeatque
1034 1781 1169 1808 mero
1198 1786 1243 1800 =
1271 1770 1302 1818 I,
1332 1771 1424 1818 7‚54
1450 1770 1577 1808 Liba
1605 1801 1892 1810 ........
1935 1771 2088 1820 feram.

2 1829 9 1838 ’
1303 1835 1334 1884 Ι,
1364 1835 1456 1883 7,50
1483 1837 1617 1875 multo
1645 1839 1835 1887 tempora
1864 1835 2000 1886 funde
2027 1845 2164 1872 mero

52 1904 106 1944 cf.
141 1903 196 1944 de
229 1903 343 1953 Sulp.
378 1906 422 1942 et
455 1902 549 1942 Cer.
587 1913 667 1941 am.
710 1902 803 1951 5,14
841 1901 919 1940 Ter
951 1901 1029 1939 tibi
1064 1902 1111 1953 fit
1145 1900 1246 1950 libo,
1283 1903 1366 1948 ter,
1404 1901 1486 1939 dea
1521 1904 1657 1949 casta,
1688 1913 1833 1940 mero.
1890 1901 2049 1940 Deinde
2077 1899 2161 1938 liba
2188 1900 2303 1950 ferre
2330 1901 2401 1941 vel

0 1975 3 2007 ’.
51 1969 193 2020 facere
220 1972 421 2008 constans
450 1971 515 2006 est
551 1967 732 2006 elocutio
760 1966 941 2016 ritualis;
979 1967 1033 2006 cf.
1065 1966 1153 2006 Tib.
1182 1967 1212 2015 I,
1241 1966 1361 2015 1033
1390 1965 1498 2004 liba
1533 1967 1621 2016 ipse
1649 1966 1675 2016 f
1678 1978 1700 2004 e
1712 1964 1871 2013 rebat,
1903 1964 2021 2004 Ovid.
2056 1965 2168 2003 Fast.
2203 1965 2252 2013 H,
2285 1965 2397 2014 6‚44;

0 2030 2 2035 ’
50 2034 121 2083 ΙΙΙ,
157 2034 256 2082 7353
290 2032 356 2081 IV,
392 2032 482 2073 776.
546 2032 637 2071 Hoc
671 2035 813 2070 autem
848 2031 942 2071 loco
977 2031 1230 2071 vocabulum
1265 2030 1397 2069 mella
1433 2030 1476 2069 in
1505 2030 1735 2082 archetypo
1764 2042 1816 2069 ex
1846 2030 1972 2068 melle
1999 2033 2244 2079 corruptum
2270 2031 2398 2070 inter-

49 2099 284 2150 polatorem
311 2098 511 2138 incitasse
540 2096 643 2136 mihi
671 2097 849 2146 videtur,
876 2101 923 2137 ut
951 2097 1161 2147 reliquum
1189 2100 1353 2136 textum
1380 2098 1475 2136 voci
1507 2096 1634 2135 mella
1663 2096 1970 2136 accomodaret.

590 2179 595 2183 '
617 2174 647 2223 Ι,
676 2174 795 2223 10,49
823 2173 1022 2213 exhibent
1049 2173 1120 2212 AV
1148 2172 1429 2212 Pace'nitens
1458 2184 1600 2211 vomer
1628 2172 1785 2211 viderit

2 2284 7 2286 ,
1059 2237 1095 2277 G
1182 2268 1207 2286 ,‚
1288 2236 1435 2276 bidens
1463 2248 1687 2287 vomerque
1706 2238 1896 2287 viyent.

49 2304 167 2353 Quae
188 2304 263 2344 AV
290 2305 507 2356 praebent,
537 2315 666 2344 sensu
692 2307 792 2343 sunt
818 2314 942 2345 cassa
950 2315 962 2352 ;
989 2303 1034 2342 in
1061 2302 1154 2342 cod.
1184 2301 1220 2341 G
1248 2307 1392 2342 autem
1420 2303 1562 2341 omnia
1589 2306 1708 2342 recte
1736 2314 1834 2342 sese
1861 2301 2019 2342 habent
2053 2306 2231 2352 excepto
2260 2301 2391 2341 verbo

47 2370 201 2420 vigent,
229 2380 488 2420 quamquam
518 2380 666 2408 omnes
694 2368 878 2407 editores
906 2379 987 2407 nec
1014 2379 1099 2407 non
1128 2366 1410 2412 Baehrensius
1438 2369 1580 2417 viqent
1607 2369 1650 2407 in
1678 2371 1839 2406 textum
1867 2371 2133 2418 receperunt.
2202 2367 2245 2407 Si
2281 2368 2392 2407 enim

50 2434 301 2474 ovidianum
327 2434 577 2484 respicimus
603 2433 758 2481 locum,
787 2433 858 2482 qui
886 2435 999 2471 extat
1026 2431 1135 2470 Fast.
1164 2432 1228 2480 IV,
1256 2432 1429 2472 927928

610 2510 794 2550 sarcula
823 2522 939 2548 nunc
966 2509 1184 2559 durusque
1206 2508 1353 2547 bidens
1383 2512 1423 2547 et
1450 2521 1590 2547 vomer
1618 2508 1829 2547 adiunctus

607 2575 739 2615 Ruris
768 2587 864 2625 opes
892 2574 1120 2613 niteant:
1150 2574 1348 2624 inquinet
1376 2586 1505 2612 arma
1531 2573 1636 2612 situs

0 2668 2 2710 ᾗ
45 2663 144 2692 cum
171 2651 321 2692 Guieto
348 2663 434 2692 non
462 2653 694 2703 poterimus
723 2663 809 2691 non
836 2653 1088 2700 consentire,
1117 2653 1188 2702 qui
1216 2663 1292 2701 pro
1320 2651 1462 2700 viqent
1494 2651 1660 2700 scripsit
1696 2650 1843 2688 nitent.
1906 2650 2034 2689 Cuius
2060 2649 2179 2689 verbi
2221 2650 2388 2697 accedit

46 2718 159 2768 quod
187 2718 411 2767 vestigium
440 2717 796 2767 deprehendimus
823 2718 865 2756 in
901 2717 1021 2756 codd.
1051 2717 1121 2756 AV
1148 2716 1302 2756 nitens.
1361 2715 1485 2755 Aliud
1512 2718 1808 2765 argumentum
1845 2715 1980 2754 obiter
2014 2714 2150 2764 tetigit
2185 2715 2390 2754 Rossber-

45 2785 150 2834 gius.
163 2781 198 2834 5)
234 2794 333 2822 cum
367 2782 468 2822 dicit
500 2783 640 2821 nitent
674 2783 832 2832 optime
866 2784 1104 2833 oppositum
1141 2793 1237 2820 esse
1275 2781 1415 2821 verbis
1451 2781 1498 2818 in
1537 2779 1759 2818 tenebris
1788 2784 1959 2830 occupat
1988 2791 2111 2817 arma
2138 2781 2282 2819 situs.
2338 2781 2390 2820 Et

0 2847 6 2905 ξ
45 2846 196 2888 veru'm
224 2859 329 2887 sane
356 2852 421 2887 est
448 2848 576 2887 armis
602 2847 645 2886 in
673 2847 860 2886 tenebris
886 2847 1119 2886 iacentibus
1147 2851 1276 2896 atque
1295 2846 1485 2896 robigine
1514 2846 1808 2895 ferrugineque
1826 2845 2052 2894 inquinatis
2071 2845 2141 2884 vix
2160 2846 2388 2895 quicquam

0 2925 9 2954 ··:
46 2913 201 2964 opponi
227 2922 354 2963 posse
382 2912 520 2961 aptius
548 2922 675 2961 quam
704 2912 820 2961 pacis
847 2912 1128 2950 instrumenta
1163 2911 1404 2949 nitentia.
1470 2910 1554 2949 Sed
1588 2909 1769 2960 Vossiiss)
1805 2910 2093 2959 interpretatio
2122 2920 2391 2960 nequaquam

194 3095 222 3140 ¹)
250 3095 346 3132 Krit.
375 3095 564 3140 Beitrage
589 3103 639 3129 zu
662 3093 789 3129 Tibull
811 3103 850 3138 p.
874 3092 955 3128 160.

193 3154 223 3200 ²)
245 3156 396 3201 proleg.
422 3165 458 3200 p.
484 3154 541 3189 17.

195 3213 224 3260 ³)
249 3215 406 3253 observ.
431 3225 469 3259 p.
495 3212 554 3249 43.

47 3280 53 3292 ‘
130 3276 133 3278 ’
193 3272 226 3316 ⁴)
253 3273 371 3309 mella
396 3273 541 3309 leniter
566 3272 827 3317 depravatum
851 3281 903 3308 ex
927 3271 1050 3307 melle.

194 3332 224 3376 ε’)
247 3342 285 3377 p.
309 3332 368 3367 77.

133 3411 138 3414 -
193 3390 224 3436 θ)
240 3390 274 3428 ,1.
299 3391 325 3426 1.
350 3400 388 3435 p.
413 3391 496 3426 270.

2500 976 2530 1023 1,
2556 977 2641 1024 7,54

2493 2169 2520 2214 1,
2545 2170 2652 2216 10,49
