<?xml version="1.0" encoding="UTF-8"?>
<!DOCTYPE html PUBLIC "-//W3C//DTD XHTML 1.0 Transitional//EN"
    "http://www.w3.org/TR/xhtml1/DTD/xhtml1-transitional.dtd">
<html xmlns="http://www.w3.org/1999/xhtml" xml:lang="en" lang="en">
 <head>
  <title>
</title>
<meta http-equiv="Content-Type" content="text/html;charset=utf-8" />
  <meta name='ocr-system' content='tesseract 3.04.00' />
  <meta name='ocr-capabilities' content='ocr_page ocr_carea ocr_par ocr_line ocrx_word'/>
</head>
<body>
  <div class='ocr_page' id='page_1' title='image "./detibullicodicum00widduoft_0026.png"; bbox 0 0 2756 3770; ppageno 0'>
   <div class='ocr_carea' id='block_1_1' title="bbox 135 1658 285 1706">
    <p class='ocr_par' dir='ltr' id='par_1_1' title="bbox 135 1658 285 1706">
     <span class='ocr_line' id='line_1_1' title="bbox 135 1658 285 1706; baseline 0 -12"><span class='ocrx_word' id='word_1_1' title='bbox 135 1658 181 1706; x_wconf 92' lang='lat'>11,</span> <span class='ocrx_word' id='word_1_2' title='bbox 206 1658 285 1701; x_wconf 61' lang='lat'>631</span> 
     </span>
    </p>
   </div>
   <div class='ocr_carea' id='block_1_2' title="bbox 154 2447 283 2493">
    <p class='ocr_par' dir='ltr' id='par_1_2' title="bbox 154 2447 283 2493">
     <span class='ocr_line' id='line_1_2' title="bbox 154 2447 283 2493; baseline 0 -10"><span class='ocrx_word' id='word_1_3' title='bbox 154 2447 183 2493; x_wconf 91' lang='lat'>1,</span> <span class='ocrx_word' id='word_1_4' title='bbox 202 2448 283 2493; x_wconf 79' lang='lat'>7,47</span> 
     </span>
    </p>
   </div>
   <div class='ocr_carea' id='block_1_3' title="bbox 1411 223 1675 262">
    <p class='ocr_par' dir='ltr' id='par_1_3' title="bbox 1411 223 1675 262">
     <span class='ocr_line' id='line_1_3' title="bbox 1411 223 1675 262; baseline 0.011 -14"><span class='ocrx_word' id='word_1_5' title='bbox 1411 223 1675 262; x_wconf 71' lang='lat'>—24-</span> 
     </span>
    </p>
   </div>
   <div class='ocr_carea' id='block_1_4' title="bbox 364 344 2735 1050">
    <p class='ocr_par' dir='ltr' id='par_1_4' title="bbox 366 344 2716 853">
     <span class='ocr_line' id='line_1_4' title="bbox 372 344 2716 399; baseline 0.001 -14"><span class='ocrx_word' id='word_1_6' title='bbox 372 346 537 385; x_wconf 89' lang='lat' dir='ltr'>silentio</span> <span class='ocrx_word' id='word_1_7' title='bbox 565 344 874 395; x_wconf 86' lang='lat' dir='ltr'>praetereunda</span> <span class='ocrx_word' id='word_1_8' title='bbox 903 348 1003 392; x_wconf 86' lang='lat' dir='ltr'>erat,</span> <span class='ocrx_word' id='word_1_9' title='bbox 1033 345 1104 394; x_wconf 90' lang='lat' dir='ltr'>qui</span> <span class='ocrx_word' id='word_1_10' title='bbox 1138 345 1233 385; x_wconf 87' lang='lat' dir='ltr'>ideo</span> <span class='ocrx_word' id='word_1_11' title='bbox 1268 344 1408 393; x_wconf 70' lang='lat' dir='ltr'>viyent</span> <span class='ocrx_word' id='word_1_12' title='bbox 1445 346 1555 386; x_wconf 89' lang='lat' dir='ltr'>bene</span> <span class='ocrx_word' id='word_1_13' title='bbox 1592 346 1799 397; x_wconf 81' lang='lat' dir='ltr'>quadrare</span> <span class='ocrx_word' id='word_1_14' title='bbox 1834 346 2069 395; x_wconf 85' lang='lat' dir='ltr'>contendit,</span> <span class='ocrx_word' id='word_1_15' title='bbox 2099 347 2212 397; x_wconf 89' lang='lat' dir='ltr'>quod</span> <span class='ocrx_word' id='word_1_16' title='bbox 2238 348 2349 388; x_wconf 82' lang='lat' dir='ltr'>inter</span> <span class='ocrx_word' id='word_1_17' title='bbox 2376 359 2423 387; x_wconf 91' lang='lat' dir='ltr'>se</span> <span class='ocrx_word' id='word_1_18' title='bbox 2451 352 2716 399; x_wconf 85' lang='lat' dir='ltr'>opponantur</span> 
     </span>
     <span class='ocr_line' id='line_1_5' title="bbox 371 408 2326 460; baseline 0.001 -11"><span class='ocrx_word' id='word_1_19' title='bbox 371 411 511 459; x_wconf 72' lang='lat' dir='ltr'>viyent</span> <span class='ocrx_word' id='word_1_20' title='bbox 539 414 581 449; x_wconf 91' lang='lat' dir='ltr'>et</span> <span class='ocrx_word' id='word_1_21' title='bbox 608 408 725 457; x_wconf 84' lang='lat' dir='ltr'>situs,</span> <span class='ocrx_word' id='word_1_22' title='bbox 753 410 872 458; x_wconf 83' lang='lat' dir='ltr'>vigor</span> <span class='ocrx_word' id='word_1_23' title='bbox 900 420 1111 460; x_wconf 88' lang='lat' dir='ltr'>ususque</span> <span class='ocrx_word' id='word_1_24' title='bbox 1138 411 1393 450; x_wconf 88' lang='lat' dir='ltr'>rusticorum</span> <span class='ocrx_word' id='word_1_25' title='bbox 1420 412 1798 452; x_wconf 81' lang='lat' dir='ltr'><strong>instrumentorum</strong></span> <span class='ocrx_word' id='word_1_26' title='bbox 1827 417 1869 452; x_wconf 91' lang='lat' dir='ltr'>et</span> <span class='ocrx_word' id='word_1_27' title='bbox 1897 418 2110 451; x_wconf 88' lang='lat' dir='ltr'>armorum</span> <span class='ocrx_word' id='word_1_28' title='bbox 2137 413 2326 452; x_wconf 86' lang='lat' dir='ltr'>inertia</span> 
     </span>
     <span class='ocr_line' id='line_1_6' title="bbox 680 473 2424 527; baseline 0.001 -13"><span class='ocrx_word' id='word_1_29' title='bbox 680 475 732 514; x_wconf 82' lang='lat' dir='ltr'>cf.</span> <span class='ocrx_word' id='word_1_30' title='bbox 763 473 881 514; x_wconf 88' lang='lat' dir='ltr'>Ovid.</span> <span class='ocrx_word' id='word_1_31' title='bbox 910 474 1019 514; x_wconf 83' lang='lat' dir='ltr'>Fast.</span> <span class='ocrx_word' id='word_1_32' title='bbox 1051 475 1096 524; x_wconf 90' lang='lat' dir='ltr'>V,</span> <span class='ocrx_word' id='word_1_33' title='bbox 1123 476 1202 515; x_wconf 79' lang='lat'>279</span> <span class='ocrx_word' id='word_1_34' title='bbox 1233 475 1381 514; x_wconf 81' lang='lat' dir='ltr'>Cetera</span> <span class='ocrx_word' id='word_1_35' title='bbox 1408 477 1609 515; x_wconf 78' lang='lat' dir='ltr'><em>luxuriae</em></span> <span class='ocrx_word' id='word_1_36' title='bbox 1637 477 1830 515; x_wconf 76' lang='lat' dir='ltr'>nondum</span> <span class='ocrx_word' id='word_1_37' title='bbox 1857 476 2142 516; x_wconf 76' lang='lat' dir='ltr'>iustrumenta</span> <span class='ocrx_word' id='word_1_38' title='bbox 2172 476 2424 527; x_wconf 73' lang='lat' dir='ltr'>viyebant.</span> 
     </span>
     <span class='ocr_line' id='line_1_7' title="bbox 370 539 2713 593; baseline 0.001 -13"><span class='ocrx_word' id='word_1_39' title='bbox 370 539 506 580; x_wconf 87' lang='lat' dir='ltr'>Nihilo</span> <span class='ocrx_word' id='word_1_40' title='bbox 534 543 678 579; x_wconf 86' lang='lat' dir='ltr'>tamen</span> <span class='ocrx_word' id='word_1_41' title='bbox 706 540 839 579; x_wconf 91' lang='lat' dir='ltr'>setius</span> <span class='ocrx_word' id='word_1_42' title='bbox 866 539 1003 579; x_wconf 76' lang='lat' dir='ltr'>nitent</span> <span class='ocrx_word' id='word_1_43' title='bbox 1033 539 1236 580; x_wconf 88' lang='lat' dir='ltr'>Ovidiano</span> <span class='ocrx_word' id='word_1_44' title='bbox 1264 541 1336 581; x_wconf 92' lang='lat' dir='ltr'>illo</span> <span class='ocrx_word' id='word_1_45' title='bbox 1365 543 1560 592; x_wconf 86' lang='lat' dir='ltr'>exemplo</span> <span class='ocrx_word' id='word_1_46' title='bbox 1589 543 1886 582; x_wconf 87' lang='lat' dir='ltr'>confirmatum</span> <span class='ocrx_word' id='word_1_47' title='bbox 1915 542 2240 592; x_wconf 86' lang='lat' dir='ltr'>praeferendum</span> <span class='ocrx_word' id='word_1_48' title='bbox 2275 541 2378 582; x_wconf 84' lang='lat' dir='ltr'>mihi</span> <span class='ocrx_word' id='word_1_49' title='bbox 2404 542 2584 592; x_wconf 90' lang='lat' dir='ltr'>videtur,</span> <span class='ocrx_word' id='word_1_50' title='bbox 2613 543 2713 593; x_wconf 85' lang='lat' dir='ltr'>quia</span> 
     </span>
     <span class='ocr_line' id='line_1_8' title="bbox 369 599 2715 658; baseline 0.001 -14"><span class='ocrx_word' id='word_1_51' title='bbox 369 604 476 644; x_wconf 91' lang='lat' dir='ltr'>haec</span> <span class='ocrx_word' id='word_1_52' title='bbox 505 615 674 655; x_wconf 86' lang='lat' dir='ltr'>quoque</span> <span class='ocrx_word' id='word_1_53' title='bbox 705 606 910 655; x_wconf 85' lang='lat' dir='ltr'>oppositio</span> <span class='ocrx_word' id='word_1_54' title='bbox 938 606 1071 645; x_wconf 89' lang='lat' dir='ltr'>verbo</span> <span class='ocrx_word' id='word_1_55' title='bbox 1099 607 1240 644; x_wconf 74' lang='lat' dir='ltr'>nitent</span> <span class='ocrx_word' id='word_1_56' title='bbox 1267 599 1428 657; x_wconf 79' lang='lat' dir='ltr'>optime&#39;</span> <span class='ocrx_word' id='word_1_57' title='bbox 1455 608 1714 658; x_wconf 79' lang='lat' dir='ltr'>exprimitur.</span> <span class='ocrx_word' id='word_1_58' title='bbox 1771 607 1877 654; x_wconf 87' lang='lat' dir='ltr'>Quid</span> <span class='ocrx_word' id='word_1_59' title='bbox 1916 607 2060 647; x_wconf 74' lang='lat' dir='ltr'>enim‘?</span> <span class='ocrx_word' id='word_1_60' title='bbox 2095 607 2245 646; x_wconf 87' lang='lat' dir='ltr'>Nonne</span> <span class='ocrx_word' id='word_1_61' title='bbox 2282 608 2423 647; x_wconf 88' lang='lat' dir='ltr'>nitor</span> <span class='ocrx_word' id='word_1_62' title='bbox 2456 608 2715 648; x_wconf 83' lang='lat' dir='ltr'>instrumen-</span> 
     </span>
     <span class='ocr_line' id='line_1_9' title="bbox 366 671 2713 724; baseline 0 -13"><span class='ocrx_word' id='word_1_63' title='bbox 366 676 507 711; x_wconf 82' lang='lat' dir='ltr'>torum</span> <span class='ocrx_word' id='word_1_64' title='bbox 535 671 790 710; x_wconf 88' lang='lat' dir='ltr'>rusticorum</span> <span class='ocrx_word' id='word_1_65' title='bbox 818 672 1092 721; x_wconf 86' lang='lat' dir='ltr'>gravissimus</span> <span class='ocrx_word' id='word_1_66' title='bbox 1121 677 1185 711; x_wconf 91' lang='lat' dir='ltr'>est</span> <span class='ocrx_word' id='word_1_67' title='bbox 1212 672 1333 711; x_wconf 91' lang='lat' dir='ltr'>testis</span> <span class='ocrx_word' id='word_1_68' title='bbox 1360 674 1430 712; x_wconf 91' lang='lat' dir='ltr'>vel</span> <span class='ocrx_word' id='word_1_69' title='bbox 1457 675 1641 713; x_wconf 86' lang='lat' dir='ltr'>maximo</span> <span class='ocrx_word' id='word_1_70' title='bbox 1669 674 1740 712; x_wconf 89' lang='lat' dir='ltr'>illa</span> <span class='ocrx_word' id='word_1_71' title='bbox 1770 683 1865 712; x_wconf 91' lang='lat' dir='ltr'>esse</span> <span class='ocrx_word' id='word_1_72' title='bbox 1894 673 1934 711; x_wconf 88' lang='lat' dir='ltr'>in</span> <span class='ocrx_word' id='word_1_73' title='bbox 1963 672 2072 712; x_wconf 82' lang='lat' dir='ltr'>usu‘?</span> <span class='ocrx_word' id='word_1_74' title='bbox 2106 673 2311 723; x_wconf 86' lang='lat' dir='ltr'>Exemplo</span> <span class='ocrx_word' id='word_1_75' title='bbox 2347 673 2550 720; x_wconf 86' lang='lat' dir='ltr'>Qvidiano</span> <span class='ocrx_word' id='word_1_76' title='bbox 2583 684 2713 724; x_wconf 87' lang='lat' dir='ltr'>supra</span> 
     </span>
     <span class='ocr_line' id='line_1_10' title="bbox 366 735 2517 786; baseline 0.001 -11"><span class='ocrx_word' id='word_1_77' title='bbox 366 736 536 775; x_wconf 87' lang='lat' dir='ltr'>laudato</span> <span class='ocrx_word' id='word_1_78' title='bbox 565 735 646 775; x_wconf 92' lang='lat' dir='ltr'>hoc</span> <span class='ocrx_word' id='word_1_79' title='bbox 675 736 784 775; x_wconf 91' lang='lat' dir='ltr'>addo</span> <span class='ocrx_word' id='word_1_80' title='bbox 814 736 1156 776; x_wconf 87' lang='lat' dir='ltr'>efficacissimum</span> <span class='ocrx_word' id='word_1_81' title='bbox 1300 737 1442 776; x_wconf 86' lang='lat' dir='ltr'>Amor.</span> <span class='ocrx_word' id='word_1_82' title='bbox 1471 737 1501 786; x_wconf 93' lang='lat' dir='ltr'>I,</span> <span class='ocrx_word' id='word_1_83' title='bbox 1530 738 1688 786; x_wconf 78' lang='lat'>8,51.52</span> <span class='ocrx_word' id='word_1_84' title='bbox 1744 738 1858 776; x_wconf 86' lang='lat' dir='ltr'>Aera</span> <span class='ocrx_word' id='word_1_85' title='bbox 1883 738 2054 777; x_wconf 81' lang='lat' dir='ltr'>nitent</span> <span class='ocrx_word' id='word_1_86' title='bbox 2080 750 2161 776; x_wconf 82' lang='lat' dir='ltr'>usu</span> <span class='ocrx_word' id='word_1_87' title='bbox 2190 767 2517 778; x_wconf 80' lang='grc'><strong>.........</strong></span> 
     </span>
     <span class='ocr_line' id='line_1_11' title="bbox 1305 801 2113 853; baseline 0.004 -14"><span class='ocrx_word' id='word_1_88' title='bbox 1305 801 1540 840; x_wconf 77' lang='lat' dir='ltr'><strong><em>Canescunt</em></strong></span> <span class='ocrx_word' id='word_1_89' title='bbox 1566 802 1683 853; x_wconf 81' lang='lat' dir='ltr'>turpi</span> <span class='ocrx_word' id='word_1_90' title='bbox 1710 805 1815 841; x_wconf 80' lang='lat' dir='ltr'>tecta</span> <span class='ocrx_word' id='word_1_91' title='bbox 1843 802 1990 841; x_wconf 85' lang='lat' dir='ltr'>relicta</span> <span class='ocrx_word' id='word_1_92' title='bbox 2015 802 2113 842; x_wconf 80' lang='lat' dir='ltr'>situ.</span> 
     </span>
    </p>

    <p class='ocr_par' dir='ltr' id='par_1_5' title="bbox 364 867 2735 1050">
     <span class='ocr_line' id='line_1_12' title="bbox 364 867 2705 919; baseline 0.001 -13"><span class='ocrx_word' id='word_1_93' title='bbox 364 868 511 917; x_wconf 90' lang='lat' dir='ltr'>Itaque</span> <span class='ocrx_word' id='word_1_94' title='bbox 538 867 692 915; x_wconf 68' lang='lat' dir='ltr'>nitent,</span> <span class='ocrx_word' id='word_1_95' title='bbox 725 869 879 919; x_wconf 83' lang='lat' dir='ltr'>quippe</span> <span class='ocrx_word' id='word_1_96' title='bbox 909 869 1021 918; x_wconf 91' lang='lat' dir='ltr'>quod</span> <span class='ocrx_word' id='word_1_97' title='bbox 1051 881 1134 908; x_wconf 92' lang='lat' dir='ltr'>non</span> <span class='ocrx_word' id='word_1_98' title='bbox 1164 869 1291 908; x_wconf 92' lang='lat' dir='ltr'>modo</span> <span class='ocrx_word' id='word_1_99' title='bbox 1327 871 1635 919; x_wconf 88' lang='lat' dir='ltr'>oppositionem</span> <span class='ocrx_word' id='word_1_100' title='bbox 1671 871 1896 916; x_wconf 85' lang='lat' dir='ltr'>contineat,</span> <span class='ocrx_word' id='word_1_101' title='bbox 1926 880 2033 919; x_wconf 85' lang='lat' dir='ltr'>quae</span> <span class='ocrx_word' id='word_1_102' title='bbox 2070 874 2135 908; x_wconf 93' lang='lat' dir='ltr'>est</span> <span class='ocrx_word' id='word_1_103' title='bbox 2168 870 2547 910; x_wconf 80' lang='lat' dir='ltr'>instrumentorum</span> <span class='ocrx_word' id='word_1_104' title='bbox 2581 870 2705 909; x_wconf 84' lang='lat' dir='ltr'>rusti-</span> 
     </span>
     <span class='ocr_line' id='line_1_13' title="bbox 365 934 2735 986; baseline 0.001 -14"><span class='ocrx_word' id='word_1_105' title='bbox 365 943 512 972; x_wconf 90' lang='lat' dir='ltr'>corum</span> <span class='ocrx_word' id='word_1_106' title='bbox 551 934 775 973; x_wconf 88' lang='lat' dir='ltr'>nitorem</span> <span class='ocrx_word' id='word_1_107' title='bbox 811 935 921 974; x_wconf 88' lang='lat' dir='ltr'>inter</span> <span class='ocrx_word' id='word_1_108' title='bbox 963 939 1004 973; x_wconf 90' lang='lat' dir='ltr'>et</span> <span class='ocrx_word' id='word_1_109' title='bbox 1045 945 1237 973; x_wconf 90' lang='lat' dir='ltr'>amorum</span> <span class='ocrx_word' id='word_1_110' title='bbox 1280 935 1541 984; x_wconf 85' lang='lat' dir='ltr'>squalorem,</span> <span class='ocrx_word' id='word_1_111' title='bbox 1577 935 1654 974; x_wconf 90' lang='lat' dir='ltr'>sed</span> <span class='ocrx_word' id='word_1_112' title='bbox 1696 936 1823 974; x_wconf 87' lang='lat' dir='ltr'>etiam</span> <span class='ocrx_word' id='word_1_113' title='bbox 1867 934 2214 984; x_wconf 84' lang='lat' dir='ltr'>significationem</span> <span class='ocrx_word' id='word_1_114' title='bbox 2248 936 2368 975; x_wconf 84' lang='lat' dir='ltr'>verbi</span> <span class='ocrx_word' id='word_1_115' title='bbox 2403 935 2546 986; x_wconf 73' lang='lat' dir='ltr'>viyent</span> <span class='ocrx_word' id='word_1_116' title='bbox 2581 935 2735 974; x_wconf 18' lang='lat' dir='ltr'>simul,</span> 
     </span>
     <span class='ocr_line' id='line_1_14' title="bbox 365 998 2708 1050; baseline 0.001 -13"><span class='ocrx_word' id='word_1_117' title='bbox 365 1000 654 1049; x_wconf 88' lang='lat' dir='ltr'>complectens</span> <span class='ocrx_word' id='word_1_118' title='bbox 682 1010 806 1038; x_wconf 90' lang='lat' dir='ltr'>usum</span> <span class='ocrx_word' id='word_1_119' title='bbox 837 1004 879 1039; x_wconf 90' lang='lat' dir='ltr'>et</span> <span class='ocrx_word' id='word_1_120' title='bbox 907 1000 1099 1049; x_wconf 83' lang='lat' dir='ltr'>vigorem</span> <span class='ocrx_word' id='word_1_121' title='bbox 1128 1000 1333 1048; x_wconf 84' lang='lat' dir='ltr'>exprimat</span> <span class='ocrx_word' id='word_1_122' title='bbox 1361 1001 1579 1050; x_wconf 88' lang='lat' dir='ltr'>oppositos</span> <span class='ocrx_word' id='word_1_123' title='bbox 1608 998 1780 1039; x_wconf 83' lang='lat' dir='ltr'>inertiae</span> <span class='ocrx_word' id='word_1_124' title='bbox 1819 1011 2046 1049; x_wconf 86' lang='lat' dir='ltr'>armorum,</span> <span class='ocrx_word' id='word_1_125' title='bbox 2077 1005 2118 1039; x_wconf 87' lang='lat' dir='ltr'>et</span> <span class='ocrx_word' id='word_1_126' title='bbox 2155 1001 2208 1040; x_wconf 93' lang='lat' dir='ltr'>ob</span> <span class='ocrx_word' id='word_1_127' title='bbox 2245 1000 2352 1041; x_wconf 91' lang='lat' dir='ltr'>haec</span> <span class='ocrx_word' id='word_1_128' title='bbox 2385 1001 2550 1040; x_wconf 88' lang='lat' dir='ltr'>interna</span> <span class='ocrx_word' id='word_1_129' title='bbox 2585 1011 2708 1050; x_wconf 84' lang='lat' dir='ltr'>argu-</span> 
     </span>
    </p>
   </div>
   <div class='ocr_carea' id='block_1_5' title="bbox 314 1063 2711 1116">
    <p class='ocr_par' dir='ltr' id='par_1_6' title="bbox 314 1063 2711 1116">
     <span class='ocr_line' id='line_1_15' title="bbox 314 1063 2711 1116; baseline 0 -12"><span class='ocrx_word' id='word_1_130' title='bbox 314 1096 321 1099; x_wconf 89' lang='lat'><em>.</em></span> <span class='ocrx_word' id='word_1_131' title='bbox 364 1070 510 1105; x_wconf 90' lang='lat' dir='ltr'>menta</span> <span class='ocrx_word' id='word_1_132' title='bbox 538 1070 579 1105; x_wconf 92' lang='lat' dir='ltr'>et</span> <span class='ocrx_word' id='word_1_133' title='bbox 607 1069 780 1115; x_wconf 88' lang='lat' dir='ltr'>propter</span> <span class='ocrx_word' id='word_1_134' title='bbox 816 1070 990 1104; x_wconf 85' lang='lat' dir='ltr'>externa</span> <span class='ocrx_word' id='word_1_135' title='bbox 1022 1066 1093 1104; x_wconf 86' lang='lat' dir='ltr'>illa</span> <span class='ocrx_word' id='word_1_136' title='bbox 1127 1065 1369 1104; x_wconf 87' lang='lat' dir='ltr'>testimonia</span> <span class='ocrx_word' id='word_1_137' title='bbox 1406 1066 1528 1115; x_wconf 83' lang='lat' dir='ltr'>longe</span> <span class='ocrx_word' id='word_1_138' title='bbox 1563 1065 1888 1115; x_wconf 85' lang='lat' dir='ltr'>praeferendum</span> <span class='ocrx_word' id='word_1_139' title='bbox 1924 1070 2000 1104; x_wconf 91' lang='lat' dir='ltr'>est.</span> <span class='ocrx_word' id='word_1_140' title='bbox 2063 1063 2212 1115; x_wconf 70' lang='lat' dir='ltr'>Viyent</span> <span class='ocrx_word' id='word_1_141' title='bbox 2245 1071 2387 1105; x_wconf 88' lang='lat' dir='ltr'>autem</span> <span class='ocrx_word' id='word_1_142' title='bbox 2424 1065 2711 1116; x_wconf 85' lang='lat' dir='ltr'>interpolatori</span> 
     </span>
    </p>
   </div>
   <div class='ocr_carea' id='block_1_6' title="bbox 362 1130 2710 1314">
    <p class='ocr_par' dir='ltr' id='par_1_7' title="bbox 362 1130 2710 1314">
     <span class='ocr_line' id='line_1_16' title="bbox 362 1130 2707 1182; baseline 0 -12"><span class='ocrx_word' id='word_1_143' title='bbox 362 1130 636 1170; x_wconf 89' lang='lat' dir='ltr'>tribuendum</span> <span class='ocrx_word' id='word_1_144' title='bbox 665 1131 754 1179; x_wconf 86' lang='lat' dir='ltr'>erit,</span> <span class='ocrx_word' id='word_1_145' title='bbox 775 1131 845 1180; x_wconf 89' lang='lat' dir='ltr'>qui</span> <span class='ocrx_word' id='word_1_146' title='bbox 865 1131 1045 1169; x_wconf 89' lang='lat' dir='ltr'>verbum</span> <span class='ocrx_word' id='word_1_147' title='bbox 1065 1141 1141 1169; x_wconf 91' lang='lat' dir='ltr'>suo</span> <span class='ocrx_word' id='word_1_148' title='bbox 1161 1132 1203 1169; x_wconf 89' lang='lat' dir='ltr'>in</span> <span class='ocrx_word' id='word_1_149' title='bbox 1223 1132 1452 1182; x_wconf 86' lang='lat' dir='ltr'>exemplari</span> <span class='ocrx_word' id='word_1_150' title='bbox 1474 1137 1717 1182; x_wconf 89' lang='lat' dir='ltr'>corruptum</span> <span class='ocrx_word' id='word_1_151' title='bbox 1738 1143 1813 1182; x_wconf 89' lang='lat' dir='ltr'>pro</span> <span class='ocrx_word' id='word_1_152' title='bbox 1833 1132 1940 1170; x_wconf 90' lang='lat' dir='ltr'>virili</span> <span class='ocrx_word' id='word_1_153' title='bbox 1959 1135 2077 1181; x_wconf 89' lang='lat' dir='ltr'>parte</span> <span class='ocrx_word' id='word_1_154' title='bbox 2105 1133 2362 1182; x_wconf 87' lang='lat' dir='ltr'>periclitatus</span> <span class='ocrx_word' id='word_1_155' title='bbox 2382 1137 2445 1172; x_wconf 88' lang='lat' dir='ltr'>est</span> <span class='ocrx_word' id='word_1_156' title='bbox 2465 1131 2707 1171; x_wconf 83' lang='lat' dir='ltr'>emendare.</span> 
     </span>
     <span class='ocr_line' id='line_1_17' title="bbox 508 1195 2705 1247; baseline 0 -12"><span class='ocrx_word' id='word_1_157' title='bbox 508 1196 791 1246; x_wconf 89' lang='lat' dir='ltr'>Quascunque</span> <span class='ocrx_word' id='word_1_158' title='bbox 818 1197 943 1246; x_wconf 84' lang='lat' dir='ltr'>igitur</span> <span class='ocrx_word' id='word_1_159' title='bbox 983 1195 1122 1235; x_wconf 89' lang='lat' dir='ltr'>adhuc</span> <span class='ocrx_word' id='word_1_160' title='bbox 1160 1198 1589 1236; x_wconf 83' lang='lat' dir='ltr'>commemoravimus</span> <span class='ocrx_word' id='word_1_161' title='bbox 1623 1197 2066 1247; x_wconf 83' lang='lat' dir='ltr'>interpolationes</span> <span class='ocrx_word' id='word_1_162' title='bbox 2102 1198 2207 1237; x_wconf 90' lang='lat' dir='ltr'>cod.</span> <span class='ocrx_word' id='word_1_163' title='bbox 2245 1197 2280 1237; x_wconf 89' lang='lat' dir='ltr'>G</span> <span class='ocrx_word' id='word_1_164' title='bbox 2314 1199 2386 1237; x_wconf 87' lang='lat' dir='ltr'>ita</span> <span class='ocrx_word' id='word_1_165' title='bbox 2420 1201 2537 1238; x_wconf 87' lang='lat' dir='ltr'>sunt</span> <span class='ocrx_word' id='word_1_166' title='bbox 2575 1207 2705 1236; x_wconf 92' lang='lat' dir='ltr'>com-</span> 
     </span>
     <span class='ocr_line' id='line_1_18' title="bbox 362 1259 2710 1314; baseline 0.001 -14"><span class='ocrx_word' id='word_1_167' title='bbox 362 1266 595 1312; x_wconf 86' lang='lat' dir='ltr'>paratae,</span> <span class='ocrx_word' id='word_1_168' title='bbox 626 1262 818 1311; x_wconf 92' lang='lat' dir='ltr'>quibus</span> <span class='ocrx_word' id='word_1_169' title='bbox 846 1262 1094 1301; x_wconf 90' lang='lat' dir='ltr'>librarius</span> <span class='ocrx_word' id='word_1_170' title='bbox 1124 1263 1308 1302; x_wconf 88' lang='lat' dir='ltr'>menda</span> <span class='ocrx_word' id='word_1_171' title='bbox 1345 1264 1631 1314; x_wconf 87' lang='lat' dir='ltr'>exemplari</span> <span class='ocrx_word' id='word_1_172' title='bbox 1666 1275 1757 1303; x_wconf 89' lang='lat' dir='ltr'>suo</span> <span class='ocrx_word' id='word_1_173' title='bbox 1792 1262 2126 1302; x_wconf 84' lang='lat' dir='ltr'>inhaerentia</span> <span class='ocrx_word' id='word_1_174' title='bbox 2161 1265 2372 1314; x_wconf 90' lang='lat' dir='ltr'>proprio</span> <span class='ocrx_word' id='word_1_175' title='bbox 2409 1259 2575 1303; x_wconf 84' lang='lat' dir='ltr'>Marte</span> <span class='ocrx_word' id='word_1_176' title='bbox 2608 1267 2710 1302; x_wconf 86' lang='lat' dir='ltr'>stu-</span> 
     </span>
    </p>
   </div>
   <div class='ocr_carea' id='block_1_7' title="bbox 363 1328 2710 1445">
    <p class='ocr_par' dir='ltr' id='par_1_8' title="bbox 363 1328 2710 1445">
     <span class='ocr_line' id='line_1_19' title="bbox 363 1328 760 1367; baseline -0.003 0"><span class='ocrx_word' id='word_1_177' title='bbox 363 1328 536 1367; x_wconf 88' lang='lat' dir='ltr'>duerit</span> <span class='ocrx_word' id='word_1_178' title='bbox 564 1339 760 1367; x_wconf 89' lang='lat' dir='ltr'>sanare.</span> 
     </span>
     <span class='ocr_line' id='line_1_20' title="bbox 506 1393 2710 1445; baseline 0 -13"><span class='ocrx_word' id='word_1_179' title='bbox 506 1394 736 1432; x_wconf 88' lang='lat' dir='ltr'>Alterum</span> <span class='ocrx_word' id='word_1_180' title='bbox 779 1394 1256 1443; x_wconf 88' lang='lat' dir='ltr'>interpolationum</span> <span class='ocrx_word' id='word_1_181' title='bbox 1298 1405 1459 1443; x_wconf 83' lang='lat' dir='ltr'>genus</span> <span class='ocrx_word' id='word_1_182' title='bbox 1511 1396 1586 1434; x_wconf 92' lang='lat' dir='ltr'>eis</span> <span class='ocrx_word' id='word_1_183' title='bbox 1639 1393 2082 1445; x_wconf 87' lang='lat' dir='ltr'>deprehendimus</span> <span class='ocrx_word' id='word_1_184' title='bbox 2124 1396 2274 1444; x_wconf 89' lang='lat' dir='ltr'>locis,</span> <span class='ocrx_word' id='word_1_185' title='bbox 2316 1394 2504 1445; x_wconf 88' lang='lat' dir='ltr'>quibus</span> <span class='ocrx_word' id='word_1_186' title='bbox 2550 1393 2710 1433; x_wconf 86' lang='lat' dir='ltr'>inter-</span> 
     </span>
    </p>
   </div>
   <div class='ocr_carea' id='block_1_8' title="bbox 359 1451 2707 1802">
    <p class='ocr_par' dir='ltr' id='par_1_9' title="bbox 359 1451 2707 1802">
     <span class='ocr_line' id='line_1_21' title="bbox 363 1451 2705 1511; baseline 0 -14"><span class='ocrx_word' id='word_1_187' title='bbox 363 1459 586 1509; x_wconf 85' lang='lat' dir='ltr'>polator,</span> <span class='ocrx_word' id='word_1_188' title='bbox 616 1469 727 1498; x_wconf 91' lang='lat' dir='ltr'>cum</span> <span class='ocrx_word' id='word_1_189' title='bbox 756 1460 806 1497; x_wconf 92' lang='lat' dir='ltr'>in</span> <span class='ocrx_word' id='word_1_190' title='bbox 835 1459 1014 1498; x_wconf 89' lang='lat' dir='ltr'>verbis</span> <span class='ocrx_word' id='word_1_191' title='bbox 1042 1451 1261 1498; x_wconf 86' lang='lat' dir='ltr'>traditis</span> <span class='ocrx_word' id='word_1_192' title='bbox 1289 1470 1560 1510; x_wconf 85' lang='lat' dir='ltr'>perperam</span> <span class='ocrx_word' id='word_1_193' title='bbox 1590 1460 1904 1509; x_wconf 81' lang='lat' dir='ltr'>offenderet,</span> <span class='ocrx_word' id='word_1_194' title='bbox 1941 1461 2307 1511; x_wconf 84' lang='lat' dir='ltr'>corrigendum</span> <span class='ocrx_word' id='word_1_195' title='bbox 2336 1471 2459 1500; x_wconf 87' lang='lat' dir='ltr'>esse</span> <span class='ocrx_word' id='word_1_196' title='bbox 2487 1459 2705 1510; x_wconf 86' lang='lat' dir='ltr'>putavit.</span> 
     </span>
     <span class='ocr_line' id='line_1_22' title="bbox 504 1524 1637 1575; baseline 0 -11"><span class='ocrx_word' id='word_1_197' title='bbox 504 1525 631 1564; x_wconf 90' lang='lat' dir='ltr'>Cuius</span> <span class='ocrx_word' id='word_1_198' title='bbox 659 1524 720 1563; x_wconf 90' lang='lat' dir='ltr'>rei</span> <span class='ocrx_word' id='word_1_199' title='bbox 749 1524 1132 1574; x_wconf 85' lang='lat' dir='ltr'>luculentissimum</span> <span class='ocrx_word' id='word_1_200' title='bbox 1159 1524 1366 1564; x_wconf 85' lang='lat' dir='ltr'>habemus</span> <span class='ocrx_word' id='word_1_201' title='bbox 1395 1526 1637 1575; x_wconf 89' lang='lat' dir='ltr'>exemplum</span> 
     </span>
     <span class='ocr_line' id='line_1_23' title="bbox 645 1606 2404 1659; baseline -0.001 -12"><span class='ocrx_word' id='word_1_202' title='bbox 645 1607 696 1656; x_wconf 90' lang='lat' dir='ltr'>II,</span> <span class='ocrx_word' id='word_1_203' title='bbox 724 1607 813 1656; x_wconf 63' lang='lat'>6:21</span> <span class='ocrx_word' id='word_1_204' title='bbox 845 1607 915 1646; x_wconf 92' lang='lat' dir='ltr'>AV</span> <span class='ocrx_word' id='word_1_205' title='bbox 944 1606 1087 1658; x_wconf 60' lang='lat' dir='ltr'>(Fris,</span> <span class='ocrx_word' id='word_1_206' title='bbox 1123 1606 1235 1659; x_wconf 89' lang='lat' dir='ltr'>Par.)</span> <span class='ocrx_word' id='word_1_207' title='bbox 1262 1607 1367 1659; x_wconf 80' lang='lat' dir='ltr'>spes</span> <span class='ocrx_word' id='word_1_208' title='bbox 1415 1608 1495 1647; x_wconf 78' lang='lat' dir='ltr'>alit</span> <span class='ocrx_word' id='word_1_209' title='bbox 1542 1610 1773 1659; x_wconf 73' lang='lat' dir='ltr'>aqricolas,</span> <span class='ocrx_word' id='word_1_210' title='bbox 1806 1621 1917 1659; x_wconf 85' lang='lat' dir='ltr'>spes</span> <span class='ocrx_word' id='word_1_211' title='bbox 1946 1609 2074 1647; x_wconf 83' lang='lat' dir='ltr'>sulcis</span> <span class='ocrx_word' id='word_1_212' title='bbox 2103 1608 2238 1647; x_wconf 86' lang='lat' dir='ltr'>credit</span> <span class='ocrx_word' id='word_1_213' title='bbox 2266 1608 2404 1647; x_wconf 83' lang='lat' dir='ltr'>aratis</span> 
     </span>
     <span class='ocr_line' id='line_1_24' title="bbox 846 1672 1866 1722; baseline 0.001 -11"><span class='ocrx_word' id='word_1_214' title='bbox 846 1672 881 1711; x_wconf 89' lang='lat' dir='ltr'>G</span> <span class='ocrx_word' id='word_1_215' title='bbox 989 1680 994 1681; x_wconf 51' lang='lat'><em>⁷</em></span> <span class='ocrx_word' id='word_1_216' title='bbox 1222 1689 1224 1691; x_wconf 51' lang='lat'>&gt;</span> <span class='ocrx_word' id='word_1_217' title='bbox 1292 1705 1320 1722; x_wconf 47' lang='lat' dir='ltr'>,s</span> <span class='ocrx_word' id='word_1_218' title='bbox 1435 1704 1464 1722; x_wconf 89' lang='lat'><em>„</em></span> <span class='ocrx_word' id='word_1_219' title='bbox 1646 1705 1674 1722; x_wconf 85' lang='lat'>,‚</span> <span class='ocrx_word' id='word_1_220' title='bbox 1822 1678 1866 1712; x_wconf 86' lang='lat' dir='ltr'>et</span> 
     </span>
     <span class='ocr_line' id='line_1_25' title="bbox 359 1750 2707 1802; baseline -0.001 -10"><span class='ocrx_word' id='word_1_221' title='bbox 359 1752 431 1792; x_wconf 90' lang='lat' dir='ltr'>ubi</span> <span class='ocrx_word' id='word_1_222' title='bbox 460 1753 581 1792; x_wconf 85' lang='lat' dir='ltr'>codd.</span> <span class='ocrx_word' id='word_1_223' title='bbox 610 1751 681 1790; x_wconf 89' lang='lat' dir='ltr'>AV</span> <span class='ocrx_word' id='word_1_224' title='bbox 723 1751 847 1790; x_wconf 89' lang='lat' dir='ltr'>lectio</span> <span class='ocrx_word' id='word_1_225' title='bbox 882 1762 966 1790; x_wconf 90' lang='lat' dir='ltr'>non</span> <span class='ocrx_word' id='word_1_226' title='bbox 1002 1752 1140 1790; x_wconf 91' lang='lat' dir='ltr'>solum</span> <span class='ocrx_word' id='word_1_227' title='bbox 1177 1752 1429 1791; x_wconf 90' lang='lat' dir='ltr'>testimoniis</span> <span class='ocrx_word' id='word_1_228' title='bbox 1465 1752 1641 1790; x_wconf 89' lang='lat' dir='ltr'>aliorum</span> <span class='ocrx_word' id='word_1_229' title='bbox 1689 1751 1892 1791; x_wconf 84' lang='lat' dir='ltr'>librorum</span> <span class='ocrx_word' id='word_1_230' title='bbox 1926 1752 2028 1791; x_wconf 87' lang='lat' dir='ltr'>satis</span> <span class='ocrx_word' id='word_1_231' title='bbox 2063 1762 2276 1802; x_wconf 88' lang='lat' dir='ltr'>superque</span> <span class='ocrx_word' id='word_1_232' title='bbox 2309 1750 2592 1799; x_wconf 85' lang='lat' dir='ltr'>confirmatur,</span> <span class='ocrx_word' id='word_1_233' title='bbox 2628 1750 2707 1790; x_wconf 86' lang='lat' dir='ltr'>sed</span> 
     </span>
    </p>
   </div>
   <div class='ocr_carea' id='block_1_9' title="bbox 358 1816 2703 1934">
    <p class='ocr_par' dir='ltr' id='par_1_10' title="bbox 358 1816 2703 1934">
     <span class='ocr_line' id='line_1_26' title="bbox 361 1816 2702 1868; baseline -0.001 -11"><span class='ocrx_word' id='word_1_234' title='bbox 361 1820 487 1858; x_wconf 87' lang='lat' dir='ltr'>etiam</span> <span class='ocrx_word' id='word_1_235' title='bbox 515 1819 640 1858; x_wconf 89' lang='lat' dir='ltr'>unice</span> <span class='ocrx_word' id='word_1_236' title='bbox 669 1829 770 1857; x_wconf 88' lang='lat' dir='ltr'>vera</span> <span class='ocrx_word' id='word_1_237' title='bbox 799 1821 864 1856; x_wconf 87' lang='lat' dir='ltr'>est</span> <span class='ocrx_word' id='word_1_238' title='bbox 883 1821 1056 1867; x_wconf 91' lang='lat' dir='ltr'>propter</span> <span class='ocrx_word' id='word_1_239' title='bbox 1082 1828 1209 1856; x_wconf 92' lang='lat' dir='ltr'>usum</span> <span class='ocrx_word' id='word_1_240' title='bbox 1237 1818 1357 1857; x_wconf 91' lang='lat' dir='ltr'>illum</span> <span class='ocrx_word' id='word_1_241' title='bbox 1385 1818 1662 1866; x_wconf 86' lang='lat' dir='ltr'>tritissimum,</span> <span class='ocrx_word' id='word_1_242' title='bbox 1692 1828 1775 1867; x_wconf 89' lang='lat' dir='ltr'>quo</span> <span class='ocrx_word' id='word_1_243' title='bbox 1804 1821 1954 1868; x_wconf 91' lang='lat' dir='ltr'>poetae</span> <span class='ocrx_word' id='word_1_244' title='bbox 1983 1818 2155 1868; x_wconf 83' lang='lat' dir='ltr'>elegiaci</span> <span class='ocrx_word' id='word_1_245' title='bbox 2188 1828 2322 1856; x_wconf 91' lang='lat' dir='ltr'>unum</span> <span class='ocrx_word' id='word_1_246' title='bbox 2349 1816 2547 1867; x_wconf 88' lang='lat' dir='ltr'>idemque</span> <span class='ocrx_word' id='word_1_247' title='bbox 2577 1825 2702 1855; x_wconf 85' lang='lat' dir='ltr'>voca-</span> 
     </span>
     <span class='ocr_line' id='line_1_27' title="bbox 358 1881 2703 1934; baseline -0.001 -11"><span class='ocrx_word' id='word_1_248' title='bbox 358 1884 506 1923; x_wconf 91' lang='lat' dir='ltr'>bulum</span> <span class='ocrx_word' id='word_1_249' title='bbox 534 1884 830 1934; x_wconf 82' lang='lat' dir='ltr'>gravissimum</span> <span class='ocrx_word' id='word_1_250' title='bbox 858 1894 942 1922; x_wconf 92' lang='lat' dir='ltr'>non</span> <span class='ocrx_word' id='word_1_251' title='bbox 970 1883 1109 1922; x_wconf 89' lang='lat' dir='ltr'>solum</span> <span class='ocrx_word' id='word_1_252' title='bbox 1138 1884 1182 1922; x_wconf 92' lang='lat' dir='ltr'>in</span> <span class='ocrx_word' id='word_1_253' title='bbox 1208 1883 1326 1922; x_wconf 90' lang='lat' dir='ltr'>initio</span> <span class='ocrx_word' id='word_1_254' title='bbox 1354 1893 1569 1932; x_wconf 90' lang='lat' dir='ltr'>versuum,</span> <span class='ocrx_word' id='word_1_255' title='bbox 1608 1884 1683 1923; x_wconf 91' lang='lat' dir='ltr'>sed</span> <span class='ocrx_word' id='word_1_256' title='bbox 1719 1884 1845 1923; x_wconf 89' lang='lat' dir='ltr'>simul</span> <span class='ocrx_word' id='word_1_257' title='bbox 1880 1883 2006 1922; x_wconf 88' lang='lat' dir='ltr'>etiam</span> <span class='ocrx_word' id='word_1_258' title='bbox 2041 1884 2150 1922; x_wconf 88' lang='lat' dir='ltr'>intra</span> <span class='ocrx_word' id='word_1_259' title='bbox 2186 1882 2375 1923; x_wconf 90' lang='lat' dir='ltr'>eiusdem</span> <span class='ocrx_word' id='word_1_260' title='bbox 2411 1892 2562 1922; x_wconf 86' lang='lat' dir='ltr'>versus</span> <span class='ocrx_word' id='word_1_261' title='bbox 2595 1881 2703 1921; x_wconf 90' lang='lat' dir='ltr'>fines</span> 
     </span>
    </p>
   </div>
   <div class='ocr_carea' id='block_1_10' title="bbox 358 1948 1508 2000">
    <p class='ocr_par' dir='ltr' id='par_1_11' title="bbox 358 1948 1508 2000">
     <span class='ocr_line' id='line_1_28' title="bbox 358 1948 1508 2000; baseline -0.001 -12"><span class='ocrx_word' id='word_1_262' title='bbox 358 1953 556 2000; x_wconf 90' lang='lat' dir='ltr'>repetunt</span> <span class='ocrx_word' id='word_1_263' title='bbox 566 1961 576 1998; x_wconf 91' lang='lat'>;</span> <span class='ocrx_word' id='word_1_264' title='bbox 606 1952 811 1988; x_wconf 64' lang='lat' dir='ltr'>ut2unum</span> <span class='ocrx_word' id='word_1_265' title='bbox 840 1948 1013 1987; x_wconf 85' lang='lat' dir='ltr'>afferam</span> <span class='ocrx_word' id='word_1_266' title='bbox 1044 1949 1299 1999; x_wconf 87' lang='lat' dir='ltr'>exemplum,</span> <span class='ocrx_word' id='word_1_267' title='bbox 1328 1949 1508 1999; x_wconf 85' lang='lat' dir='ltr'>legimus</span> 
     </span>
    </p>
   </div>
   <div class='ocr_carea' id='block_1_11' title="bbox 855 2022 2212 2207">
    <p class='ocr_par' dir='ltr' id='par_1_12' title="bbox 855 2022 2212 2207">
     <span class='ocr_line' id='line_1_29' title="bbox 855 2022 2212 2075; baseline -0.003 -9"><span class='ocrx_word' id='word_1_268' title='bbox 855 2026 885 2075; x_wconf 89' lang='grc' dir='ltr'>Ι,</span> <span class='ocrx_word' id='word_1_269' title='bbox 913 2025 1001 2074; x_wconf 86' lang='grc'>5,61</span> <span class='ocrx_word' id='word_1_270' title='bbox 1182 2024 1392 2075; x_wconf 79' lang='lat' dir='ltr'>Pauper</span> <span class='ocrx_word' id='word_1_271' title='bbox 1421 2026 1501 2063; x_wconf 80' lang='lat' dir='ltr'>erit</span> <span class='ocrx_word' id='word_1_272' title='bbox 1525 2027 1695 2075; x_wconf 82' lang='lat' dir='ltr'>praesto</span> <span class='ocrx_word' id='word_1_273' title='bbox 1726 2055 1734 2063; x_wconf 89' lang='lat'>.</span> <span class='ocrx_word' id='word_1_274' title='bbox 1766 2055 1773 2063; x_wconf 95' lang='lat'><strong>.</strong></span> <span class='ocrx_word' id='word_1_275' title='bbox 1805 2055 1813 2063; x_wconf 95' lang='lat'><strong><em>.</em></strong></span> <span class='ocrx_word' id='word_1_276' title='bbox 1840 2036 2048 2074; x_wconf 80' lang='lat' dir='ltr'>pauper</span> <span class='ocrx_word' id='word_1_277' title='bbox 2077 2022 2212 2062; x_wconf 79' lang='lat' dir='ltr'>adibit</span> 
     </span>
     <span class='ocr_line' id='line_1_30' title="bbox 953 2089 2116 2141; baseline 0 -12"><span class='ocrx_word' id='word_1_278' title='bbox 953 2093 1006 2133; x_wconf 87' lang='lat'>63</span> <span class='ocrx_word' id='word_1_279' title='bbox 1184 2089 1398 2141; x_wconf 80' lang='lat' dir='ltr'>Pauper</span> <span class='ocrx_word' id='word_1_280' title='bbox 1428 2120 1636 2130; x_wconf 89' lang='grc'><strong>......</strong></span> <span class='ocrx_word' id='word_1_281' title='bbox 1646 2127 1649 2129; x_wconf 73' lang='grc'><strong>,</strong></span> <span class='ocrx_word' id='word_1_282' title='bbox 1668 2119 2116 2129; x_wconf 90' lang='grc'><strong>............</strong></span> 
     </span>
     <span class='ocr_line' id='line_1_31' title="bbox 952 2156 2110 2207; baseline -0.003 -9"><span class='ocrx_word' id='word_1_283' title='bbox 952 2158 1006 2198; x_wconf 89' lang='grc'>65</span> <span class='ocrx_word' id='word_1_284' title='bbox 1177 2156 1387 2207; x_wconf 85' lang='lat' dir='ltr'>Pauper</span> <span class='ocrx_word' id='word_1_285' title='bbox 1428 2184 2110 2195; x_wconf 89' lang='grc'><strong>..................</strong></span> 
     </span>
    </p>
   </div>
   <div class='ocr_carea' id='block_1_12' title="bbox 348 2231 2704 2416">
    <p class='ocr_par' dir='ltr' id='par_1_13' title="bbox 348 2231 2704 2416">
     <span class='ocr_line' id='line_1_32' title="bbox 356 2231 2702 2286; baseline -0.002 -10"><span class='ocrx_word' id='word_1_286' title='bbox 356 2237 635 2286; x_wconf 89' lang='lat' dir='ltr'>Interpolator</span> <span class='ocrx_word' id='word_1_287' title='bbox 662 2239 825 2283; x_wconf 87' lang='lat' dir='ltr'>autem,</span> <span class='ocrx_word' id='word_1_288' title='bbox 855 2235 922 2274; x_wconf 92' lang='lat' dir='ltr'>cui</span> <span class='ocrx_word' id='word_1_289' title='bbox 951 2235 993 2273; x_wconf 92' lang='lat' dir='ltr'>in</span> <span class='ocrx_word' id='word_1_290' title='bbox 1021 2246 1060 2274; x_wconf 86' lang='lat' dir='ltr'>v.</span> <span class='ocrx_word' id='word_1_291' title='bbox 1089 2234 1138 2274; x_wconf 82' lang='lat'>21</span> <span class='ocrx_word' id='word_1_292' title='bbox 1171 2246 1263 2284; x_wconf 85' lang='lat' dir='ltr'>spes</span> <span class='ocrx_word' id='word_1_293' title='bbox 1291 2235 1487 2274; x_wconf 89' lang='lat' dir='ltr'>iteratum</span> <span class='ocrx_word' id='word_1_294' title='bbox 1518 2232 1782 2283; x_wconf 89' lang='lat' dir='ltr'>displicuisse</span> <span class='ocrx_word' id='word_1_295' title='bbox 1810 2233 1988 2281; x_wconf 87' lang='lat' dir='ltr'>videtur,</span> <span class='ocrx_word' id='word_1_296' title='bbox 2017 2231 2140 2272; x_wconf 90' lang='lat' dir='ltr'>huius</span> <span class='ocrx_word' id='word_1_297' title='bbox 2159 2232 2276 2271; x_wconf 89' lang='lat' dir='ltr'>vocis</span> <span class='ocrx_word' id='word_1_298' title='bbox 2294 2232 2388 2272; x_wconf 85' lang='lat' dir='ltr'>vice</span> <span class='ocrx_word' id='word_1_299' title='bbox 2408 2235 2447 2271; x_wconf 83' lang='lat' dir='ltr'>et</span> <span class='ocrx_word' id='word_1_300' title='bbox 2465 2232 2702 2272; x_wconf 87' lang='lat' dir='ltr'>inculcavit.</span> 
     </span>
     <span class='ocr_line' id='line_1_33' title="bbox 357 2297 2704 2350; baseline -0.002 -10"><span class='ocrx_word' id='word_1_301' title='bbox 357 2301 584 2340; x_wconf 85' lang='lat' dir='ltr'>Praeterea</span> <span class='ocrx_word' id='word_1_302' title='bbox 625 2300 780 2340; x_wconf 91' lang='lat' dir='ltr'>mirum</span> <span class='ocrx_word' id='word_1_303' title='bbox 815 2299 1031 2349; x_wconf 89' lang='lat' dir='ltr'>censebis,</span> <span class='ocrx_word' id='word_1_304' title='bbox 1069 2299 1183 2350; x_wconf 88' lang='lat' dir='ltr'>quod</span> <span class='ocrx_word' id='word_1_305' title='bbox 1218 2298 1445 2350; x_wconf 87' lang='lat' dir='ltr'>anaphora,</span> <span class='ocrx_word' id='word_1_306' title='bbox 1475 2310 1584 2349; x_wconf 84' lang='lat' dir='ltr'>quae</span> <span class='ocrx_word' id='word_1_307' title='bbox 1614 2298 1784 2346; x_wconf 89' lang='lat' dir='ltr'>dicitur,</span> <span class='ocrx_word' id='word_1_308' title='bbox 1813 2309 1880 2337; x_wconf 76' lang='lat' dir='ltr'>VV.</span> <span class='ocrx_word' id='word_1_309' title='bbox 1918 2299 1970 2338; x_wconf 83' lang='lat'>23</span> <span class='ocrx_word' id='word_1_310' title='bbox 1998 2302 2041 2337; x_wconf 85' lang='lat' dir='ltr'>et</span> <span class='ocrx_word' id='word_1_311' title='bbox 2075 2297 2129 2336; x_wconf 79' lang='lat'>24</span> <span class='ocrx_word' id='word_1_312' title='bbox 2163 2308 2335 2347; x_wconf 85' lang='lat' dir='ltr'>prorsus</span> <span class='ocrx_word' id='word_1_313' title='bbox 2369 2298 2704 2348; x_wconf 83' lang='lat' dir='ltr'>interrumpitur,</span> 
     </span>
     <span class='ocr_line' id='line_1_34' title="bbox 348 2364 1303 2416; baseline -0.002 -11"><span class='ocrx_word' id='word_1_314' title='bbox 348 2365 495 2416; x_wconf 73' lang='lat' dir='ltr'>quade</span> <span class='ocrx_word' id='word_1_315' title='bbox 522 2377 569 2405; x_wconf 90' lang='lat' dir='ltr'>re</span> <span class='ocrx_word' id='word_1_316' title='bbox 595 2365 743 2405; x_wconf 87' lang='lat' dir='ltr'>videas</span> <span class='ocrx_word' id='word_1_317' title='bbox 771 2365 879 2404; x_wconf 87' lang='lat' dir='ltr'>infra</span> <span class='ocrx_word' id='word_1_318' title='bbox 906 2376 946 2415; x_wconf 91' lang='lat' dir='ltr'>p.</span> <span class='ocrx_word' id='word_1_319' title='bbox 973 2365 1026 2405; x_wconf 88' lang='lat'>37</span> <span class='ocrx_word' id='word_1_320' title='bbox 1054 2364 1134 2404; x_wconf 90' lang='lat' dir='ltr'>sub</span> <span class='ocrx_word' id='word_1_321' title='bbox 1163 2364 1238 2404; x_wconf 93' lang='lat' dir='ltr'>No.</span> <span class='ocrx_word' id='word_1_322' title='bbox 1259 2364 1303 2403; x_wconf 90' lang='lat' dir='ltr'>V.</span> 
     </span>
    </p>
   </div>
   <div class='ocr_carea' id='block_1_13' title="bbox 498 2429 2039 2546">
    <p class='ocr_par' dir='ltr' id='par_1_14' title="bbox 498 2429 2039 2546">
     <span class='ocr_line' id='line_1_35' title="bbox 498 2429 1084 2480; baseline -0.002 -10"><span class='ocrx_word' id='word_1_323' title='bbox 498 2431 628 2470; x_wconf 91' lang='lat' dir='ltr'>Porro</span> <span class='ocrx_word' id='word_1_324' title='bbox 657 2431 835 2480; x_wconf 84' lang='lat' dir='ltr'>legimus</span> <span class='ocrx_word' id='word_1_325' title='bbox 862 2429 893 2479; x_wconf 93' lang='grc' dir='ltr'>Ι,</span> <span class='ocrx_word' id='word_1_326' title='bbox 923 2430 1013 2479; x_wconf 85' lang='grc'><strong>7,47</strong></span> <span class='ocrx_word' id='word_1_327' title='bbox 1042 2431 1084 2469; x_wconf 92' lang='lat' dir='ltr'>in</span> 
     </span>
     <span class='ocr_line' id='line_1_36' title="bbox 977 2494 2039 2546; baseline -0.002 -12"><span class='ocrx_word' id='word_1_328' title='bbox 977 2495 1047 2535; x_wconf 90' lang='lat' dir='ltr'>AV</span> <span class='ocrx_word' id='word_1_329' title='bbox 1075 2495 1131 2533; x_wconf 84' lang='lat' dir='ltr'>Et</span> <span class='ocrx_word' id='word_1_330' title='bbox 1163 2494 1319 2546; x_wconf 76' lang='lat' dir='ltr'>Tyriae</span> <span class='ocrx_word' id='word_1_331' title='bbox 1346 2500 1476 2534; x_wconf 84' lang='lat' dir='ltr'>vestes</span> <span class='ocrx_word' id='word_1_332' title='bbox 1505 2500 1542 2534; x_wconf 82' lang='lat' dir='ltr'>et</span> <span class='ocrx_word' id='word_1_333' title='bbox 1572 2495 1743 2534; x_wconf 80' lang='lat' dir='ltr'>dulcis</span> <span class='ocrx_word' id='word_1_334' title='bbox 1772 2494 1880 2533; x_wconf 81' lang='lat' dir='ltr'>tibia</span> <span class='ocrx_word' id='word_1_335' title='bbox 1908 2499 2039 2533; x_wconf 78' lang='lat' dir='ltr'>cantu</span> 
     </span>
    </p>
   </div>
   <div class='ocr_carea' id='block_1_14' title="bbox 354 2560 2701 2756">
    <p class='ocr_par' dir='ltr' id='par_1_15' title="bbox 354 2560 2701 2756">
     <span class='ocr_line' id='line_1_37' title="bbox 993 2560 1708 2610; baseline -0.003 0"><span class='ocrx_word' id='word_1_336' title='bbox 993 2560 1028 2600; x_wconf 84' lang='lat' dir='ltr'>G</span> <span class='ocrx_word' id='word_1_337' title='bbox 1086 2592 1116 2610; x_wconf 74' lang='grc' dir='ltr'>Η</span> <span class='ocrx_word' id='word_1_338' title='bbox 1230 2591 1259 2609; x_wconf 74' lang='lat'>55</span> <span class='ocrx_word' id='word_1_339' title='bbox 1391 2591 1419 2610; x_wconf 67' lang='lat'>75</span> <span class='ocrx_word' id='word_1_340' title='bbox 1503 2591 1532 2609; x_wconf 75' lang='lat' dir='ltr'><em>n</em></span> <span class='ocrx_word' id='word_1_341' title='bbox 1565 2560 1708 2599; x_wconf 68' lang='lat' dir='ltr'><em>dulei</em></span> 
     </span>
     <span class='ocr_line' id='line_1_38' title="bbox 355 2637 2701 2690; baseline -0.001 -10"><span class='ocrx_word' id='word_1_342' title='bbox 355 2641 493 2690; x_wconf 89' lang='lat' dir='ltr'>Atque</span> <span class='ocrx_word' id='word_1_343' title='bbox 534 2644 712 2690; x_wconf 85' lang='lat' dir='ltr'>utraque</span> <span class='ocrx_word' id='word_1_344' title='bbox 754 2640 878 2678; x_wconf 90' lang='lat' dir='ltr'>lectio</span> <span class='ocrx_word' id='word_1_345' title='bbox 920 2640 1018 2679; x_wconf 87' lang='lat' dir='ltr'>ferri</span> <span class='ocrx_word' id='word_1_346' title='bbox 1052 2643 1202 2690; x_wconf 85' lang='lat' dir='ltr'>potest,</span> <span class='ocrx_word' id='word_1_347' title='bbox 1238 2643 1283 2678; x_wconf 89' lang='lat' dir='ltr'>et</span> <span class='ocrx_word' id='word_1_348' title='bbox 1318 2639 1433 2677; x_wconf 82' lang='lat' dir='ltr'>dulci</span> <span class='ocrx_word' id='word_1_349' title='bbox 1470 2639 1605 2689; x_wconf 90' lang='lat' dir='ltr'>primo</span> <span class='ocrx_word' id='word_1_350' title='bbox 1642 2638 1792 2678; x_wconf 91' lang='lat' dir='ltr'>obtutu</span> <span class='ocrx_word' id='word_1_351' title='bbox 1827 2638 1995 2678; x_wconf 90' lang='lat' dir='ltr'>videtur</span> <span class='ocrx_word' id='word_1_352' title='bbox 2032 2638 2370 2688; x_wconf 87' lang='lat' dir='ltr'>praeferendum,</span> <span class='ocrx_word' id='word_1_353' title='bbox 2404 2641 2551 2688; x_wconf 87' lang='lat' dir='ltr'>utpote</span> <span class='ocrx_word' id='word_1_354' title='bbox 2586 2637 2701 2688; x_wconf 90' lang='lat' dir='ltr'>quod</span> 
     </span>
     <span class='ocr_line' id='line_1_39' title="bbox 354 2702 2342 2756; baseline -0.002 -11"><span class='ocrx_word' id='word_1_355' title='bbox 354 2707 504 2746; x_wconf 90' lang='lat' dir='ltr'>melius</span> <span class='ocrx_word' id='word_1_356' title='bbox 541 2707 594 2746; x_wconf 89' lang='lat' dir='ltr'>ad</span> <span class='ocrx_word' id='word_1_357' title='bbox 628 2709 758 2744; x_wconf 81' lang='lat' dir='ltr'>cantu</span> <span class='ocrx_word' id='word_1_358' title='bbox 795 2716 921 2755; x_wconf 86' lang='lat' dir='ltr'>quam</span> <span class='ocrx_word' id='word_1_359' title='bbox 951 2706 1004 2745; x_wconf 89' lang='lat' dir='ltr'>ad</span> <span class='ocrx_word' id='word_1_360' title='bbox 1033 2706 1142 2744; x_wconf 82' lang='lat' dir='ltr'>tibia</span> <span class='ocrx_word' id='word_1_361' title='bbox 1175 2705 1257 2746; x_wconf 92' lang='lat' dir='ltr'>hoc</span> <span class='ocrx_word' id='word_1_362' title='bbox 1286 2704 1503 2756; x_wconf 89' lang='lat' dir='ltr'>epitheton</span> <span class='ocrx_word' id='word_1_363' title='bbox 1531 2704 1727 2755; x_wconf 86' lang='lat' dir='ltr'>quadret;</span> <span class='ocrx_word' id='word_1_364' title='bbox 1757 2703 1807 2742; x_wconf 82' lang='lat' dir='ltr'>cf.</span> <span class='ocrx_word' id='word_1_365' title='bbox 1836 2702 1942 2742; x_wconf 86' lang='lat' dir='ltr'>haec</span> <span class='ocrx_word' id='word_1_366' title='bbox 1971 2703 2122 2742; x_wconf 84' lang='lat' dir='ltr'>similia</span> <span class='ocrx_word' id='word_1_367' title='bbox 2150 2703 2342 2753; x_wconf 87' lang='lat' dir='ltr'>exempla</span> 
     </span>
    </p>
   </div>
   <div class='ocr_carea' id='block_1_15' title="bbox 836 2779 2286 2897">
    <p class='ocr_par' dir='ltr' id='par_1_16' title="bbox 836 2779 2286 2897">
     <span class='ocr_line' id='line_1_40' title="bbox 864 2779 2286 2828; baseline -0.004 -5"><span class='ocrx_word' id='word_1_368' title='bbox 864 2783 1012 2823; x_wconf 79' lang='lat' dir='ltr'>Catuli.</span> <span class='ocrx_word' id='word_1_369' title='bbox 1042 2783 1189 2828; x_wconf 63' lang='grc'><strong>64364</strong></span> <span class='ocrx_word' id='word_1_370' title='bbox 1218 2812 1425 2822; x_wconf 91' lang='grc'><strong>......</strong></span> <span class='ocrx_word' id='word_1_371' title='bbox 1463 2779 1713 2820; x_wconf 78' lang='lat' dir='ltr'>horribili</span> <span class='ocrx_word' id='word_1_372' title='bbox 1742 2779 1944 2819; x_wconf 82' lang='lat' dir='ltr'>stridebat</span> <span class='ocrx_word' id='word_1_373' title='bbox 1970 2780 2103 2819; x_wconf 78' lang='lat' dir='ltr'>tibia</span> <span class='ocrx_word' id='word_1_374' title='bbox 2131 2785 2286 2819; x_wconf 77' lang='lat' dir='ltr'>cantu</span> 
     </span>
     <span class='ocr_line' id='line_1_41' title="bbox 836 2845 2276 2897; baseline -0.002 -9"><span class='ocrx_word' id='word_1_375' title='bbox 836 2848 954 2888; x_wconf 87' lang='lat' dir='ltr'>Ovid.</span> <span class='ocrx_word' id='word_1_376' title='bbox 976 2849 1066 2887; x_wconf 91' lang='lat' dir='ltr'>Am.</span> <span class='ocrx_word' id='word_1_377' title='bbox 1087 2848 1242 2897; x_wconf 85' lang='lat'>3,13,11</span> <span class='ocrx_word' id='word_1_378' title='bbox 1276 2879 1284 2887; x_wconf 89' lang='lat'><strong><em>.</em></strong></span> <span class='ocrx_word' id='word_1_379' title='bbox 1316 2878 1323 2886; x_wconf 93' lang='lat'><strong>.</strong></span> <span class='ocrx_word' id='word_1_380' title='bbox 1356 2879 1363 2887; x_wconf 93' lang='lat'><strong>.</strong></span> <span class='ocrx_word' id='word_1_381' title='bbox 1388 2848 1646 2897; x_wconf 79' lang='lat' dir='ltr'>praesonuit</span> <span class='ocrx_word' id='word_1_382' title='bbox 1673 2846 1917 2885; x_wconf 80' lang='lat' dir='ltr'>sollemni</span> <span class='ocrx_word' id='word_1_383' title='bbox 1948 2845 2081 2884; x_wconf 75' lang='lat' dir='ltr'>tibia</span> <span class='ocrx_word' id='word_1_384' title='bbox 2109 2850 2276 2885; x_wconf 82' lang='lat' dir='ltr'>cantu.</span> 
     </span>
    </p>
   </div>
   <div class='ocr_carea' id='block_1_16' title="bbox 353 2922 2696 3042">
    <p class='ocr_par' dir='ltr' id='par_1_17' title="bbox 353 2922 2696 3042">
     <span class='ocr_line' id='line_1_42' title="bbox 354 2922 2696 2976; baseline -0.002 -11"><span class='ocrx_word' id='word_1_385' title='bbox 354 2925 437 2965; x_wconf 89' lang='lat' dir='ltr'>Sed</span> <span class='ocrx_word' id='word_1_386' title='bbox 466 2937 521 2965; x_wconf 91' lang='lat' dir='ltr'>ne</span> <span class='ocrx_word' id='word_1_387' title='bbox 550 2926 687 2964; x_wconf 84' lang='lat' dir='ltr'>dulcis</span> <span class='ocrx_word' id='word_1_388' title='bbox 717 2926 888 2976; x_wconf 87' lang='lat' dir='ltr'>quidem</span> <span class='ocrx_word' id='word_1_389' title='bbox 916 2924 1057 2974; x_wconf 87' lang='lat' dir='ltr'>habet,</span> <span class='ocrx_word' id='word_1_390' title='bbox 1087 2936 1170 2975; x_wconf 90' lang='lat' dir='ltr'>quo</span> <span class='ocrx_word' id='word_1_391' title='bbox 1200 2925 1397 2974; x_wconf 86' lang='lat' dir='ltr'>offendat,</span> <span class='ocrx_word' id='word_1_392' title='bbox 1427 2929 1472 2964; x_wconf 91' lang='lat' dir='ltr'>ut</span> <span class='ocrx_word' id='word_1_393' title='bbox 1500 2926 1679 2976; x_wconf 84' lang='lat' dir='ltr'>legimus</span> <span class='ocrx_word' id='word_1_394' title='bbox 1707 2924 1818 2974; x_wconf 90' lang='lat' dir='ltr'>apud</span> <span class='ocrx_word' id='word_1_395' title='bbox 1854 2925 2071 2964; x_wconf 85' lang='lat' dir='ltr'>Horatium</span> <span class='ocrx_word' id='word_1_396' title='bbox 2099 2924 2143 2964; x_wconf 88' lang='lat' dir='ltr'>C.</span> <span class='ocrx_word' id='word_1_397' title='bbox 2166 2924 2196 2972; x_wconf 86' lang='grc' dir='ltr'>Ι,</span> <span class='ocrx_word' id='word_1_398' title='bbox 2215 2923 2334 2971; x_wconf 87' lang='grc'>17,10</span> <span class='ocrx_word' id='word_1_399' title='bbox 2366 2925 2411 2962; x_wconf 87' lang='lat' dir='ltr'>et</span> <span class='ocrx_word' id='word_1_400' title='bbox 2429 2922 2696 2972; x_wconf 85' lang='lat' dir='ltr'>Propertium</span> 
     </span>
     <span class='ocr_line' id='line_1_43' title="bbox 353 2987 2688 3042; baseline -0.001 -13"><span class='ocrx_word' id='word_1_401' title='bbox 353 2991 398 3040; x_wconf 94' lang='lat' dir='ltr'>V,</span> <span class='ocrx_word' id='word_1_402' title='bbox 428 2992 493 3039; x_wconf 84' lang='lat'>4‚5</span> <span class='ocrx_word' id='word_1_403' title='bbox 521 2990 658 3028; x_wconf 79' lang='lat' dir='ltr'>dulcis</span> <span class='ocrx_word' id='word_1_404' title='bbox 683 2990 840 3042; x_wconf 83' lang='lat' dir='ltr'>fistula,</span> <span class='ocrx_word' id='word_1_405' title='bbox 879 2995 921 3029; x_wconf 90' lang='lat' dir='ltr'>et</span> <span class='ocrx_word' id='word_1_406' title='bbox 955 2991 1125 3029; x_wconf 91' lang='lat' dir='ltr'>omnino</span> <span class='ocrx_word' id='word_1_407' title='bbox 1161 2995 1288 3029; x_wconf 89' lang='lat' dir='ltr'>notus</span> <span class='ocrx_word' id='word_1_408' title='bbox 1317 2995 1383 3029; x_wconf 89' lang='lat' dir='ltr'>est</span> <span class='ocrx_word' id='word_1_409' title='bbox 1419 3002 1520 3029; x_wconf 91' lang='lat' dir='ltr'>usus</span> <span class='ocrx_word' id='word_1_410' title='bbox 1559 2994 1797 3040; x_wconf 90' lang='lat' dir='ltr'>poetarum,</span> <span class='ocrx_word' id='word_1_411' title='bbox 1833 3000 1916 3039; x_wconf 90' lang='lat' dir='ltr'>quo</span> <span class='ocrx_word' id='word_1_412' title='bbox 1951 2988 2135 3039; x_wconf 88' lang='lat' dir='ltr'>epitheta</span> <span class='ocrx_word' id='word_1_413' title='bbox 2170 2999 2245 3038; x_wconf 89' lang='lat' dir='ltr'>per</span> <span class='ocrx_word' id='word_1_414' title='bbox 2278 2987 2524 3039; x_wconf 80' lang='lat' dir='ltr'>hypalagen,</span> <span class='ocrx_word' id='word_1_415' title='bbox 2559 2997 2688 3038; x_wconf 89' lang='lat' dir='ltr'>quam</span> 
     </span>
    </p>
   </div>
   <div class='ocr_carea' id='block_1_17' title="bbox 283 3051 2690 3106">
    <p class='ocr_par' dir='ltr' id='par_1_18' title="bbox 283 3051 2690 3106">
     <span class='ocr_line' id='line_1_44' title="bbox 283 3051 2690 3106; baseline -0.002 -11"><span class='ocrx_word' id='word_1_416' title='bbox 283 3061 286 3063; x_wconf 78' lang='grc'><strong>’</strong></span> <span class='ocrx_word' id='word_1_417' title='bbox 353 3060 517 3104; x_wconf 85' lang='lat' dir='ltr'>vocant,</span> <span class='ocrx_word' id='word_1_418' title='bbox 546 3067 674 3106; x_wconf 84' lang='lat' dir='ltr'>saepe</span> <span class='ocrx_word' id='word_1_419' title='bbox 702 3057 792 3095; x_wconf 89' lang='lat' dir='ltr'>aliis</span> <span class='ocrx_word' id='word_1_420' title='bbox 821 3056 1037 3095; x_wconf 85' lang='lat' dir='ltr'>vocabulis</span> <span class='ocrx_word' id='word_1_421' title='bbox 1067 3056 1350 3106; x_wconf 87' lang='lat' dir='ltr'>adiunguntur</span> <span class='ocrx_word' id='word_1_422' title='bbox 1378 3059 1504 3106; x_wconf 88' lang='lat' dir='ltr'>atque</span> <span class='ocrx_word' id='word_1_423' title='bbox 1533 3056 1586 3094; x_wconf 90' lang='lat' dir='ltr'>ad</span> <span class='ocrx_word' id='word_1_424' title='bbox 1615 3066 1723 3105; x_wconf 90' lang='lat' dir='ltr'>quae</span> <span class='ocrx_word' id='word_1_425' title='bbox 1752 3055 1918 3104; x_wconf 89' lang='lat' dir='ltr'>proprie</span> <span class='ocrx_word' id='word_1_426' title='bbox 1947 3054 2178 3104; x_wconf 89' lang='lat' dir='ltr'>pertinent;</span> <span class='ocrx_word' id='word_1_427' title='bbox 2214 3053 2291 3092; x_wconf 89' lang='lat' dir='ltr'>sed</span> <span class='ocrx_word' id='word_1_428' title='bbox 2318 3051 2411 3101; x_wconf 91' lang='lat' dir='ltr'>hoc,</span> <span class='ocrx_word' id='word_1_429' title='bbox 2449 3052 2690 3102; x_wconf 89' lang='lat' dir='ltr'>ubicunque</span> 
     </span>
    </p>
   </div>
   <div class='ocr_carea' id='block_1_18' title="bbox 353 3115 2696 3431">
    <p class='ocr_par' dir='ltr' id='par_1_19' title="bbox 353 3115 2696 3431">
     <span class='ocr_line' id='line_1_45' title="bbox 353 3115 2693 3171; baseline -0.002 -12"><span class='ocrx_word' id='word_1_430' title='bbox 353 3120 411 3169; x_wconf 89' lang='lat' dir='ltr'>fit,</span> <span class='ocrx_word' id='word_1_431' title='bbox 440 3132 559 3159; x_wconf 90' lang='lat' dir='ltr'>suam</span> <span class='ocrx_word' id='word_1_432' title='bbox 587 3120 715 3160; x_wconf 90' lang='lat' dir='ltr'>habet</span> <span class='ocrx_word' id='word_1_433' title='bbox 743 3121 1080 3171; x_wconf 87' lang='lat' dir='ltr'>explicationem.</span> <span class='ocrx_word' id='word_1_434' title='bbox 1139 3122 1245 3160; x_wconf 90' lang='lat' dir='ltr'>Dicit</span> <span class='ocrx_word' id='word_1_435' title='bbox 1279 3122 1391 3160; x_wconf 88' lang='lat' dir='ltr'>enim</span> <span class='ocrx_word' id='word_1_436' title='bbox 1428 3121 1619 3171; x_wconf 82' lang='lat' dir='ltr'>Virgilius</span> <span class='ocrx_word' id='word_1_437' title='bbox 1649 3121 1753 3159; x_wconf 91' lang='lat' dir='ltr'>Aen.</span> <span class='ocrx_word' id='word_1_438' title='bbox 1786 3119 1868 3168; x_wconf 89' lang='lat' dir='ltr'>VII,</span> <span class='ocrx_word' id='word_1_439' title='bbox 1896 3120 1975 3159; x_wconf 81' lang='lat'>483</span> <span class='ocrx_word' id='word_1_440' title='bbox 2012 3131 2157 3157; x_wconf 79' lang='lat' dir='ltr'>cervus</span> <span class='ocrx_word' id='word_1_441' title='bbox 2200 3115 2395 3156; x_wconf 78' lang='lat' dir='ltr'>cornibus</span> <span class='ocrx_word' id='word_1_442' title='bbox 2431 3117 2581 3168; x_wconf 71' lang='lat' dir='ltr'>inqens</span> <span class='ocrx_word' id='word_1_443' title='bbox 2619 3127 2693 3167; x_wconf 90' lang='lat' dir='ltr'>pro</span> 
     </span>
     <span class='ocr_line' id='line_1_46' title="bbox 353 3180 2688 3236; baseline -0.001 -13"><span class='ocrx_word' id='word_1_444' title='bbox 353 3185 595 3235; x_wconf 72' lang='lat' dir='ltr'>inqentibus</span> <span class='ocrx_word' id='word_1_445' title='bbox 630 3185 845 3236; x_wconf 77' lang='lat' dir='ltr'>cornibus,</span> <span class='ocrx_word' id='word_1_446' title='bbox 881 3188 978 3236; x_wconf 89' lang='lat' dir='ltr'>quia</span> <span class='ocrx_word' id='word_1_447' title='bbox 1014 3197 1172 3226; x_wconf 90' lang='lat' dir='ltr'>cornua</span> <span class='ocrx_word' id='word_1_448' title='bbox 1207 3191 1306 3226; x_wconf 90' lang='lat' dir='ltr'>sunt</span> <span class='ocrx_word' id='word_1_449' title='bbox 1343 3197 1482 3235; x_wconf 90' lang='lat' dir='ltr'>causa,</span> <span class='ocrx_word' id='word_1_450' title='bbox 1519 3196 1595 3224; x_wconf 89' lang='lat' dir='ltr'>cur</span> <span class='ocrx_word' id='word_1_451' title='bbox 1629 3186 1777 3235; x_wconf 81' lang='lat' dir='ltr'>ingens</span> <span class='ocrx_word' id='word_1_452' title='bbox 1812 3183 1895 3222; x_wconf 91' lang='lat' dir='ltr'>dici</span> <span class='ocrx_word' id='word_1_453' title='bbox 1932 3184 2064 3233; x_wconf 91' lang='lat' dir='ltr'>possit</span> <span class='ocrx_word' id='word_1_454' title='bbox 2093 3193 2264 3231; x_wconf 83' lang='lat' dir='ltr'>cervus3</span> <span class='ocrx_word' id='word_1_455' title='bbox 2293 3181 2536 3232; x_wconf 86' lang='lat' dir='ltr'>Propertius</span> <span class='ocrx_word' id='word_1_456' title='bbox 2563 3181 2594 3230; x_wconf 95' lang='lat' dir='ltr'>I,</span> <span class='ocrx_word' id='word_1_457' title='bbox 2621 3180 2688 3229; x_wconf 90' lang='lat'>3,9</span> 
     </span>
     <span class='ocr_line' id='line_1_47' title="bbox 353 3244 2696 3302; baseline -0.003 -13"><span class='ocrx_word' id='word_1_458' title='bbox 353 3249 453 3289; x_wconf 91' lang='lat' dir='ltr'>dicit</span> <span class='ocrx_word' id='word_1_459' title='bbox 474 3249 589 3289; x_wconf 81' lang='lat' dir='ltr'>ebria</span> <span class='ocrx_word' id='word_1_460' title='bbox 609 3252 799 3302; x_wconf 73' lang='lat' dir='ltr'>vestiqz‘a,</span> <span class='ocrx_word' id='word_1_461' title='bbox 821 3263 917 3291; x_wconf 89' lang='lat' dir='ltr'>cum</span> <span class='ocrx_word' id='word_1_462' title='bbox 938 3252 1038 3301; x_wconf 89' lang='lat' dir='ltr'>ipsis</span> <span class='ocrx_word' id='word_1_463' title='bbox 1058 3252 1247 3302; x_wconf 81' lang='lat' dir='ltr'>vestigiis</span> <span class='ocrx_word' id='word_1_464' title='bbox 1266 3251 1437 3291; x_wconf 90' lang='lat' dir='ltr'>incertis</span> <span class='ocrx_word' id='word_1_465' title='bbox 1458 3251 1639 3290; x_wconf 88' lang='lat' dir='ltr'>ebrietas</span> <span class='ocrx_word' id='word_1_466' title='bbox 1659 3250 1733 3289; x_wconf 83' lang='lat' dir='ltr'>fiat</span> <span class='ocrx_word' id='word_1_467' title='bbox 1750 3248 1984 3296; x_wconf 83' lang='lat' dir='ltr'>manifesta,</span> <span class='ocrx_word' id='word_1_468' title='bbox 2003 3247 2160 3287; x_wconf 91' lang='lat' dir='ltr'>ibidem</span> <span class='ocrx_word' id='word_1_469' title='bbox 2180 3258 2218 3286; x_wconf 84' lang='lat' dir='ltr'>v.</span> <span class='ocrx_word' id='word_1_470' title='bbox 2238 3247 2291 3286; x_wconf 84' lang='lat'>20</span> <span class='ocrx_word' id='word_1_471' title='bbox 2309 3246 2468 3296; x_wconf 73' lang='lat' dir='ltr'>iqnotis</span> <span class='ocrx_word' id='word_1_472' title='bbox 2486 3244 2696 3296; x_wconf 77' lang='lat' dir='ltr'>cornibus,</span> 
     </span>
     <span class='ocr_line' id='line_1_48' title="bbox 354 3310 2691 3368; baseline -0.002 -15"><span class='ocrx_word' id='word_1_473' title='bbox 354 3315 451 3364; x_wconf 91' lang='lat' dir='ltr'>quia</span> <span class='ocrx_word' id='word_1_474' title='bbox 479 3326 636 3355; x_wconf 83' lang='lat' dir='ltr'>cornua</span> <span class='ocrx_word' id='word_1_475' title='bbox 665 3317 914 3366; x_wconf 84' lang='lat' dir='ltr'>effecerunt,</span> <span class='ocrx_word' id='word_1_476' title='bbox 942 3321 989 3356; x_wconf 90' lang='lat' dir='ltr'>ut</span> <span class='ocrx_word' id='word_1_477' title='bbox 1030 3329 1114 3356; x_wconf 92' lang='lat' dir='ltr'>non</span> <span class='ocrx_word' id='word_1_478' title='bbox 1161 3320 1437 3368; x_wconf 85' lang='lat' dir='ltr'>cognosceret</span> <span class='ocrx_word' id='word_1_479' title='bbox 1471 3316 1606 3365; x_wconf 82' lang='lat' dir='ltr'>Argus</span> <span class='ocrx_word' id='word_1_480' title='bbox 1637 3315 1794 3354; x_wconf 88' lang='lat' dir='ltr'>Ionem.</span> <span class='ocrx_word' id='word_1_481' title='bbox 1855 3313 2001 3363; x_wconf 89' lang='lat' dir='ltr'>Itaque</span> <span class='ocrx_word' id='word_1_482' title='bbox 2036 3312 2118 3352; x_wconf 91' lang='lat' dir='ltr'>hoc</span> <span class='ocrx_word' id='word_1_483' title='bbox 2150 3312 2242 3351; x_wconf 92' lang='lat' dir='ltr'>loco</span> <span class='ocrx_word' id='word_1_484' title='bbox 2280 3311 2387 3349; x_wconf 80' lang='lat' dir='ltr'>tibia</span> <span class='ocrx_word' id='word_1_485' title='bbox 2427 3310 2510 3351; x_wconf 90' lang='lat' dir='ltr'>dici</span> <span class='ocrx_word' id='word_1_486' title='bbox 2549 3312 2691 3361; x_wconf 85' lang='lat' dir='ltr'>potest</span> 
     </span>
     <span class='ocr_line' id='line_1_49' title="bbox 354 3375 2692 3431; baseline -0.002 -13"><span class='ocrx_word' id='word_1_487' title='bbox 354 3380 502 3430; x_wconf 81' lang='lat' dir='ltr'>dulcis,</span> <span class='ocrx_word' id='word_1_488' title='bbox 540 3382 637 3431; x_wconf 87' lang='lat' dir='ltr'>quia</span> <span class='ocrx_word' id='word_1_489' title='bbox 678 3385 827 3421; x_wconf 88' lang='lat' dir='ltr'>cantus</span> <span class='ocrx_word' id='word_1_490' title='bbox 866 3381 993 3421; x_wconf 89' lang='lat' dir='ltr'>tibiae</span> <span class='ocrx_word' id='word_1_491' title='bbox 1028 3383 1196 3421; x_wconf 90' lang='lat' dir='ltr'>iunctus</span> <span class='ocrx_word' id='word_1_492' title='bbox 1233 3393 1362 3421; x_wconf 86' lang='lat' dir='ltr'>causa</span> <span class='ocrx_word' id='word_1_493' title='bbox 1396 3385 1471 3430; x_wconf 85' lang='lat' dir='ltr'>est,</span> <span class='ocrx_word' id='word_1_494' title='bbox 1507 3391 1582 3419; x_wconf 87' lang='lat' dir='ltr'>cur</span> <span class='ocrx_word' id='word_1_495' title='bbox 1614 3380 1706 3430; x_wconf 84' lang='lat' dir='ltr'>ipsa</span> <span class='ocrx_word' id='word_1_496' title='bbox 1740 3378 1841 3418; x_wconf 86' lang='lat' dir='ltr'>tibia</span> <span class='ocrx_word' id='word_1_497' title='bbox 1874 3379 1927 3417; x_wconf 90' lang='lat' dir='ltr'>sit</span> <span class='ocrx_word' id='word_1_498' title='bbox 1963 3377 2112 3429; x_wconf 81' lang='lat' dir='ltr'>dulcis.</span> <span class='ocrx_word' id='word_1_499' title='bbox 2170 3377 2435 3426; x_wconf 88' lang='lat' dir='ltr'>Quamquam</span> <span class='ocrx_word' id='word_1_500' title='bbox 2470 3375 2608 3426; x_wconf 80' lang='lat' dir='ltr'>igitur,</span> <span class='ocrx_word' id='word_1_501' title='bbox 2644 3377 2692 3414; x_wconf 90' lang='lat' dir='ltr'>ut</span> 
     </span>
    </p>
   </div>
  </div>
 </body>
</html>
