2736 3788
18 998 21 1003 ⁴
74 977 110 1001 ὀὶ.

1117 197 1438 237 -13-’

359 319 410 369 Π,
437 320 532 369 3,56
559 308 654 360 Illa⁴
671 325 792 371 qerat
818 322 946 359 vestes
974 318 1130 368 tenues,
1161 330 1418 370 quamquam
1445 321 1588 362 dicere
1615 323 1752 371 potuit
1779 319 1920 359 tenitas
1947 323 2075 360 vestes

359 385 409 434 ΙΙ,
437 387 530 434 4,53
562 385 677 432 Quin
708 386 839 424 etiam
867 384 982 423 sedes
1010 383 1148 424 {abeat
1283 416 1307 434 ‚,
1498 416 1523 434 ,‚
1672 415 1695 433 ‚‚
1778 383 1916 423 ἰᾶὸὲᾶτ
1943 386 2057 424 sedes

234 453 469 502 posteriore

360 519 409 567 ΙΙ,
436 518 524 566 4‚41
560 515 677 563 Quin
691 521 765 555 tua
781 521 880 555 tunc
895 515 1063 555 ι’ἅυὲηέε
1078 518 1260 566 spectent
1289 547 1312 565 ‚‚
1502 547 1527 565 „
1675 547 1699 564 „
1781 518 1962 566 spectent
1990 515 2157 555 iuvenes

361 584 410 632 Π,
437 583 530 632 6,43
558 580 645 619 Nec
660 581 853 620 lacrimis
866 580 1002 620 ὅοᾶῑόε
1016 582 1225 632 ἀὶᾳηιῆεὶ
1280 612 1303 630 ,,
1492 613 1516 630 ,,
1669 612 1692 629 ,,
1775 582 1997 630 ‹liqna-est
2023 579 2157 619 ὅοᾶῑόε

359 649 408 697 ΙΙ,
436 649 534 706 6,4;5’
550 647 815 699 genenerat
833 645 1036 684 m't‘se‘rt‘tm
1057 645 1230 695 Phryne
1277 676 1300 694 ‚,
1490 676 1513 694 ‚‚
1662 675 1686 693 ,‚
1767 645 1943 693 Phryne
1971 644 2170 684 m't‘se'rt‘cm

76 725 238 774 Quibus
278 736 332 765 ex
350 714 593 774 “exemplis
642 726 841 777 quoniam
892 727 1084 773 apertum
1125 727 1190 762 est
1246 727 1471 773 utrumque
1521 721 1695 762 schema
1742 725 1966 762 metricum
2013 735 2038 762 a
2082 728 2207 773 poeta
2259 725 2418 773 pariter

75 794 327 843 usmpatum
354 801 462 838 esse,
496 788 577 828 hac
612 800 663 828 ex
697 793 831 839 parte,
867 788 966 838 quid
1002 788 1277 827 statuendum
1312 789 1377 835 sit,
1413 788 1689 838 pervestigari
1723 788 1881 837 nequit.
1945 789 2121 838 Propius
2160 788 2416 828 accedemus

24 903 25 906 Ἴ
75 856 131 897 ad
157 856 391 903 veritatem,
424 855 461 894 si
496 865 767 904 quaeremus,
805 858 945 893 utrum
976 853 1141 903 promi
1129 864 1194 890 sa
1230 863 1282 890 an
1320 852 1429 890 mihi
1466 863 1564 891 cum
1597 853 1835 902 insequenti
1872 853 2004 892 verbo
2041 854 2305 892 substantivo
2339 865 2416 904 pro

20 911 25 922 ⁹
72 910 229 998 fflssi
248 918 562 960 consuetudine
589 920 726 969 aptius
755 921 976 967 coalescat,
1005 917 1046 957 id
1077 917 1190 967 quod
1219 916 1301 956 hoc
1329 917 1523 967 exemplo
1550 917 1592 955 in
1622 917 1736 955 clara
1763 918 2052 956 conlocabitur
2079 919 2192 958 luce:

219 1000 222 1002 ·
642 985 672 1032 Ι,
701 984 792 1032 8,57
821 983 931 1021 Nota
966 981 1103 1021 Venus
1131 982 1295 1032 furtiva
1325 983 1458 1020 mihi
1487 985 1598 1020 est.

22 1094 25 1099 ,
59 1028 163 1091 Μ·
173 1046 306 1089 habes
335 1048 520 1088 eundem
548 1048 776 1087 verborum
804 1047 1009 1095 ordinem,
1020 1047 1150 1086 idem
1178 1051 1363 1086 metrum
1392 1051 1521 1096 atque
1546 1047 1590 1085 in
1619 1058 1670 1086 eo
1699 1058 1840 1094 versu,
1870 1047 2038 1096 qualem
2069 1048 2160 1086 cod.
2181 1048 2216 1087 G
2235 1048 2416 1089 exhibet.

66 1104 238 1166 'Reque
245 1113 373 1154 Huius
401 1113 627 1152 lectionem
656 1124 730 1163 pro
758 1123 862 1152 vera
889 1111 1149 1152 habebimus.
1179 1134 1230 1140 —

22 1226 25 1227 ⁷
77 1179 82 1182 ’
213 1170 355 1220 Nihilo
380 1183 525 1218 tamen
552 1179 684 1218 setius
713 1179 914 1217 omnibus
937 1178 1055 1226 locis,
1085 1178 1238 1227 quibus
1269 1177 1360 1216 cod.
1382 1177 1417 1215 G
1438 1177 1666 1216 verborum
1685 1178 2019 1216 conlocationem
2038 1179 2213 1227 praebet
2241 1191 2266 1218 a
2294 1178 2415 1218 codd.

18 1284 22 1285 ⁷
73 1245 147 1287 Av
173 1244 401 1293 diversam,
437 1244 507 1284 illa
539 1248 657 1283 recta
691 1247 831 1293 potest
868 1244 1107 1289 existimari.
1171 1243 1320 1292 Neque
1356 1243 1401 1281 id
1435 1243 1601 1282 mirum.
1664 1243 1868 1290 Quoniam
1902 1245 2014 1283 enim
2049 1245 2090 1282 in
2125 1244 2216 1282 aliis
2245 1254 2415 1294 quoque

75 1310 295 1352 codicibus
327 1310 491 1360 pristini
519 1309 746 1348 verborum
774 1308 930 1348 ordinis
958 1319 1047 1358 per
1076 1308 1411 1347 librariorum
1438 1308 1731 1348 socordiam
1749 1310 1906 1348 turbati
1926 1310 2118 1359 exempla
2135 1310 2414 1359 reperiuntur,

79 1375 354 1427 curtandem
381 1375 622 1424 Rossbergii
650 1376 781 1424 gratia
816 1375 1038 1424 opinemur
1072 1373 1164 1412 cod.
1203 1372 1239 1411 G
1275 1374 1325 1411 iis
1364 1372 1541 1412 carere‘?
1583 1373 1671 1412 Iam
1711 1385 1840 1424 supra
1874 1375 1988 1424 attigi
2026 1376 2164 1413 locum
2201 1378 2414 1414 extantem

67 1428 129 1497 ‘de
153 1435 278 1492 sulp:
299 1443 343 1480 et
371 1438 555 1480 Cerinth.
583 1450 715 1478 amor.
745 1439 824 1487 4,7,
854 1438 926 1477 ubi
955 1437 1080 1477 codd.
1101 1438 1171 1477 AV
1191 1439 1317 1477 lectio
1342 1450 1424 1488 per
1452 1443 1491 1475 te
1518 1449 1594 1488 pro
1623 1442 1663 1476 te
1686 1451 1767 1488 per
1792 1439 1864 1489 (G)
1884 1444 1926 1479 et
1955 1440 2163 1478 stabilitur
2181 1439 2414 1489 fragmento

0 1538 6 1556 2
73 1499 298 1565 Quiaciano
325 1508 370 1544 et
397 1504 695 1554 comprobatur
722 1504 846 1542 simili
876 1504 968 1542 loco
997 1503 1026 1550 I,
1054 1503 1133 1551 5‚7‚
1174 1503 1245 1542 ubi
1273 1504 1316 1541 in
1346 1502 1440 1541 cod.
1470 1502 1503 1541 G
1533 1507 1652 1542 recte
1686 1503 1863 1553 legimus
1895 1516 1975 1553 per
2008 1509 2068 1553 te,
2108 1515 2205 1543 cum
2241 1504 2311 1542 AV
2339 1514 2416 1554 per

73 1559 369 1622 corruptelam,
397 1580 523 1619 quam
554 1580 606 1607 ex
634 1579 761 1607 versu
788 1569 963 1607 ineunte
990 1572 1183 1617 apertum
1211 1571 1276 1607 est
1303 1568 1540 1617 irrepsisse,
1569 1566 1793 1607 exhibeant
1816 1580 1960 1617 parce.

216 1633 378 1675 Deinde
405 1634 436 1682 1,
463 1634 569 1682 3,30,
598 1633 671 1672 ubi
695 1633 897 1672 traditum
926 1637 991 1672 est
1019 1634 1061 1671 in

752 1697 787 1736 G
817 1698 925 1736 Ante
953 1698 1090 1747 fores
1119 1698 1208 1736 lino
1237 1701 1343 1736 tecta
1373 1710 1547 1735 sacras
1576 1698 1717 1736 sedeat

723 1759 793 1802 AV
847 1794 877 1812 ‚‚
941 1775 1119 1801 sacras
1149 1794 1178 1811 „
1277 1793 1307 1811 „
1370 1763 1517 1812 fores

73 1829 299 1883 quominus
327 1841 426 1869 cum
454 1829 547 1869 cod.
576 1829 611 1868 G
639 1830 853 1878 faciamus,
888 1829 969 1878 illa,
1008 1840 1135 1879 quam
1169 1833 1321 1879 poetae
1358 1829 1530 1878 elegiaci
1559 1829 1680 1878 sequi
1715 1830 1864 1877 solent,
1899 1830 2074 1879 impedit
2107 1830 2264 1879 regula,
2301 1833 2347 1868 ut
2373 1830 2417 1868 in

0 1896 2 1927 ἲ
71 1897 213 1948 priore
239 1893 494 1946 pentametri
520 1895 712 1934 membro
741 1895 1008 1942 adiectivum‚
1037 1894 1359 1943 substantivum,
1379 1895 1431 1934 ad
1454 1895 1566 1944 quod
1585 1895 1687 1934 illud
1706 1895 1898 1943 refertur,
1924 1896 1966 1934 in
1993 1896 2226 1945 posteriore
2245 1898 2415 1945 ponant.

0 1975 2 1986 ·
72 1962 198 2002 Hunc
223 1964 367 2001 autem
397 1971 520 2000 usum
546 1964 770 2010 propterea
798 1959 1124 2009 supersedemus
1145 1960 1347 2009 exemplis
1365 1960 1587 2008 illustrare,
1612 1959 1725 2009 quod
1754 1970 2009 2009 unoquoque
2036 1959 2126 1999 fere
2153 1963 2417 2010 pentametro

3 2071 5 2075 Α
74 2038 181 2068 eum
201 2026 442 2066 invenimus
470 2025 804 2084 comprobatum.
815 2024 849 2074 1)

214 2091 248 2140 1,
273 2091 379 2140 9,53‚
406 2090 479 2129 ubi
507 2088 706 2129 exhibent

527 2155 598 2193 AV
625 2154 681 2192 At
707 2159 760 2203 te,
789 2155 863 2204 qui
888 2166 1111 2204 puerum
1141 2151 1286 2192 donis
1316 2166 1588 2204 corrumpere
1616 2167 1657 2193 es
1685 2167 1815 2193 ausus

548 2218 584 2258 G
641 2249 671 2267 „
715 2250 745 2267 „
813 2249 843 2268 „
887 2219 1037 2258 donis
1060 2232 1281 2270 puerum
1634 2251 1641 2258 .
1729 2251 1758 2269 ‚‚

74 2287 166 2328 sola
190 2286 370 2327 metrica
397 2285 644 2333 differentia,
664 2296 774 2335 quae
796 2285 1046 2333 intercedat,
1075 2289 1275 2327 accurate
1297 2285 1568 2335 ponderanda
1595 2263 1824 2325 diiudicare
1853 2287 2096 2336 poterimus,
2115 2291 2209 2326 utra
2236 2288 2289 2326 sit
2316 2297 2419 2327 vera

74 2352 295 2403 scriptura.
349 2351 489 2400 Atque
517 2349 623 2390 haec
651 2350 818 2389 diversa
847 2351 961 2389 inter
988 2362 1036 2390 se
1064 2349 1269 2389 habemus
1298 2349 1514 2389 schemata
1541 2352 1715 2390 metrica

785 2427 855 2466 AV
885 2449 934 2455 —-
949 2450 1002 2456 —
1017 2449 1067 2455 —-
1090 2436 1105 2460 Γ
1105 2442 1129 2466 o
1145 2442 1170 2465 υ
1186 2448 1523 2456 —————
1539 2445 1563 2466 υ
1579 2442 1604 2466 o
1618 2450 1669 2455 —
1684 2446 1709 2466 υ

804 2480 839 2519 G
881 2502 1068 2508 ———-
1090 2438 1709 2531 'L—-uo—-]——uo—o

77 2569 259 2609 quorum
285 2559 329 2597 in
357 2560 496 2609 priore
522 2570 605 2598 vox
639 2561 906 2609 anapaestica
940 2559 1168 2610 (puerum.)
1196 2558 1412 2597 antecedit
1446 2569 1598 2597 vocem
1633 2558 1907 2607 spondiacam
1945 2557 2122 2608 (donis),
2153 2558 2343 2607 sequitur
2374 2558 2417 2596 in

74 2624 323 2674 posteriore.
376 2624 464 2664 Iam
492 2628 539 2664 ut
566 2624 828 2674 indagemus,
861 2629 998 2664 utram
1028 2625 1248 2663 metricam
1279 2623 1458 2662 formam
1486 2627 1612 2673 poeta
1637 2624 1827 2662 alterutri
1854 2623 2111 2673 praetulerit,
2147 2623 2185 2661 ei
2218 2623 2418 2662 nimirum

77 2688 235 2738 aliquid
264 2688 464 2729 valebunt
491 2701 653 2738 versus,
681 2691 723 2729 in
744 2691 898 2739 quibus
925 2694 1150 2738 utramque
1170 2689 1352 2738 potuerit
1372 2687 1574 2727 adhibere
1603 2693 1739 2738 poeta,
1758 2689 2003 2727 alterutram
2022 2688 2231 2736 selegerit.
2277 2687 2418 2736 Atque

0 2756 3 2817 ᾧ
68 2753 184 2794 'haec
210 2765 466 2804 percenseas
493 2755 684 2804 exempla

535 2819 606 2867 Ι,
632 2820 724 2862 387
753 2819 814 2858 Ac
841 2820 956 2857 circa
985 2817 1223 2868 ,qv-&mbas
1249 2820 1424 2868 pensis
1453 2817 1592 2868 affixa
1616 2816 1777 2866 puella.

576 2884 607 2932 Ι,
635 2884 722 2932 4,81
758 2883 892 2932 Eheu,
921 2895 1053 2933 qnam
1083 2881 1347 2921 Marathus
1375 2883 1511 2921 lento
1536 2895 1604 2921 me
1631 2886 1795 2932 torquet
1824 2881 1992 2920 amore!

576 2948 607 2996 I,
634 2949 727 2996 5,69
756 2948 809 2987 At
836 2954 898 2996 tu,
930 2949 1004 2998 qui
1028 2946 1199 2998 Ρὸτῖὃν
1227 2950 1358 2985 ηΐιηο
1385 2950 1453 2995 Es,
1485 2959 1582 2985 mea
1609 2947 1704 2996 fata
1733 2947 1891 2985 timeto.

555 3013 604 3059 II,
633 3014 726 3062 3,58
754 3013 828 3052 Illi
856 3015 941 3052 sint
971 3012 1180 3051 comites
1209 3013 1365 3063 Ῑΐιεοῑ,
1397 3025 1499 3063 quos
1527 3012 1659 3050 India
1687 3015 1832 3051 torret.

3 3118 6 3119 ν
81 3088 241 3141 Quibus
266 3089 462 3128 omnibus
482 3091 522 3128 in
550 3090 746 3130 versibus
772 3092 888 3142 prius
916 3094 1113 3138 metrum,
1142 3090 1255 3139 quod
1274 3089 1479 3129 habemus
1506 3091 1548 3129 in
1569 3099 1695 3127 versu
1723 3087 1937 3127 codicibus
1956 3087 2025 3125 AV
2055 3087 2222 3135 tradito,
2249 3091 2419 3137 poetam

81 3153 289 3193 scientem
316 3156 568 3204 praetulisse
594 3155 694 3195 inde
719 3157 991 3196 manifestum
1020 3159 1097 3206 aet,
1125 3155 1239 3205 quod
1267 3156 1324 3194 nil
1353 3155 1526 3206 obstitit,
1556 3154 1779 3204 quominus
1808 3153 1967 3192 diceret

231 3347 259 3392 ι)
283 3348 372 3384 Hac*
387 3350 439 3384 de
462 3357 508 3385 re
531 3350 635 3386 bene
658 3350 846 3385 disseruit
870 3349 1071 3396 Gruppius
1095 3350 1190 3395 „Die
1215 3349 1415 3386 romische
1440 3349 1599 3394 Elegie‘·
1625 3351 1654 3392 1,
1676 3359 1712 3393 p.
1737 3347 1794 3384 20.

2486 1400 2537 1433 de
2546 1399 2638 1444 sulp

2642 1403 2702 1435 ‚et

2487 1447 2571 1481 Cer.
2589 1456 2623 1481 a.
2632 1446 2703 1490 4,7.

2486 1513 2515 1553 l,
2540 1511 2597 1555 5‚7

2487 1645 2516 1690 1,

2541 1647 2625 1692 :3,30

2546 2101 2629 2143 9,53
