2794 3744
1108 198 1377 238 -33-

55 325 209 378 scacta
228 323 406 372 placent*
429 322 596 372 superis
624 333 709 361 non
735 322 790 361 ad
808 323 1009 372 corporis,
1037 322 1115 361 sed
1141 322 1196 360 ad
1223 323 1352 362 animi
1379 319 1570 362 habitum
1588 322 1812 362 referenda
1838 324 1934 363 sint.
1982 324 2237 364 Sed·nonne
2265 326 2411 372 verba,

65 397 177 437 quae
202 390 450 437 sequuntur,
479 387 679 425 manibus
702 388 829 437 puris
858 387 1027 427 abunde
1054 388 1208 427 docent
1235 388 1327 427 solo
1355 388 1409 427 de
1438 388 1627 438 corporis
1654 387 1802 429 habitu
1827 389 1928 439 agi‘?
1963 390 2112 440 Itaque
2140 401 2267 431 nemo
2294 394 2412 433 Prot-

65 462 172 492 zeno
204 451 528 501 adstipulabitur
561 451 717 490 dicenti
749 453 858 489 veste
899 463 950 490 ex
991 452 1282 491 antecedentis
1316 452 1478 501 elegiae
1528 464 1655 492 versu
1689 454 1741 493 27
1783 453 1897 492 hanc
1934 466 2073 503 pura
2115 466 2225 492 cum
2267 461 2413 495 veste

55 521 222 567 sequar
246 515 331 556 huc
357 517 592 566 irrepsisse,
619 516 696 555 sed
724 517 953 566 unicuique
989 516 1097 556 haec
1155 518 1249 567 ipsa
1286 517 1416 556 verba
1451 517 1708 557 documento
1743 522 1867 557 erunt
1902 522 2011 556 veste
2047 517 2130 557 hoc
2164 520 2259 560 loco
2295 526 2412 561 recte

64 591 163 621 sese
189 580 368 630 habere3
397 581 449 620 cf.
478 585 700 631 praeterea
727 580 776 629 ΙΙ,
805 581 884 629 5,7,
914 581 985 621 ubi
1013 586 1059 620 ut
1086 581 1169 621 hoc
1198 582 1291 620 loco
1321 581 1375 621 de
1403 582 1612 621 sacrificio
1640 583 1900 622 instituendo
1928 583 2062 622 verba
2090 584 2216 624 fiunt:

631 677 637 679 .
689 659 742 665 ”“
1140 659 1258 685 nunc
1285 647 1468 685 induere
1495 651 1683 685 vestem

255 719 319 740 ·>--.
587 708 909 761 Seposita'm,
942 712 1091 761 lonqas
1118 724 1236 750 nunc
1262 711 1364 750 bene
1387 717 1507 761 pecte
1534 724 1691 752 comas.

62 786 154 826 Vox
181 791 324 827 autem
351 791 491 826 castus
510 799 817 839 saepenumero
838 789 892 828 de
911 793 1087 829 externa
1105 790 1249 838 specie
1270 790 1434 837 dicitur,
1454 790 1572 828 velut
1592 788 1714 829 Ovid.
1734 790 1902 829 Metam.
1922 790 2006 838 XV,
2026 791 2106 830 675
2132 793 2237 829 casti
2258 794 2409 832 crines.

205 851 408 892 Videmus
435 854 562 903 igitur
588 855 631 893 in
661 842 870 904 exce'rptis
896 854 978 894 illis
998 865 1081 892 non
1102 855 1239 893 solum
1270 858 1380 893 totos
1398 865 1550 893 versus
1579 855 1643 905 (ut
1670 854 1720 902 II,
1748 855 1862 903 4293
1891 855 1983 903 6,19
2012 857 2148 905 alios),
2176 857 2253 896 sed
2282 859 2411 898 etiam

55 911 251 967 ’singulas
276 928 407 957 voces
433 918 476 957 in
505 928 659 956 novam
689 919 878 967 speciem
905 919 1128 957 immutata
1156 929 1272 966 esse,
1300 920 1359 958 ita
1393 923 1440 958 ut
1466 917 1620 958 horum
1656 912 1908 958 lectionibus
1945 925 2185 960 ceterorum
2213 923 2410 962 codicum

54 982 315 1023 ‘testimoniis
342 994 429 1022 non
456 982 714 1022 confirmatis
741 984 856 1023 nulla
883 994 960 1034 per
985 994 1034 1023 se
1060 983 1284 1022 tribuenda
1311 984 1365 1023 sit
1394 985 1636 1024 auctoritas.

205 1046 270 1098 11)
297 1047 352 1087 ad
379 1059 472 1098 pag.
502 1049 538 1088 7.

205 1113 346 1162 Miror,
374 1113 488 1164 quod
517 1113 782 1154 Teufelius
810 1114 853 1152 in
882 1114 1181 1153 dissertatione
1210 1115 1270 1154 de
1300 1115 1502 1154 Catulli
1531 1115 1724 1154 Tibulli
1751 1116 2016 1165 Propertii
2052 1116 2276 1155 vocibus
2310 1118 2410 1156 sin-

54 1172 332 1228 ssularibus
359 1179 600 1228 conscripta
627 1178 881 1217 vocabulum
910 1179 1099 1217 sonticus
1128 1179 1326 1229 neglexit.
1371 1181 1597 1220 Praeterea
1631 1181 1674 1219 in
1710 1181 1995 1230 Propertianis
2024 1181 2200 1220 vocibus
2228 1182 2409 1231 singula-

56 1244 175 1285 ribus
203 1245 460 1284 enumeratis
497 1244 735 1284 desideravi
770 1244 1026 1283 vocabulum
1060 1245 1227 1294 inferni
1264 1245 1354 1283 solo
1385 1257 1410 1283 a
1437 1246 1656 1295 Propertio
1691 1256 1743 1283 ex
1778 1245 2054 1294 scriptoribus
2090 1245 2221 1286 huius.
2258 1249 2409 1286 aetatis

59 1308 313 1348 substantivi
340 1310 474 1349 instar
500 1315 753 1360 usurpatum
788 1321 864 1360 pro
893 1310 1043 1360 inferi,
1078 1311 1169 1349 scil.
1199 1311 1248 1359 II,
1280 1310 1392 1359 1,37;
1421 1311 1490 1359 III,
1518 1311 1623 1359 233.
1653 1333 1707 1338 —
1734 1311 1826 1357 Qua
1853 1311 1951 1349 data
1980 1313 2203 1350 occasione
2233 1312 2286 1350 de
2314 1313 2407 1351 loco

58 1373 245 1424 quodam
286 1375 562 1425 Propertiano
605 1379 822 1426 corrupto,
866 1375 937 1415 ubi
985 1374 1067 1414 hoc
1115 1376 1372 1415 vocabulum
1414 1376 1726 1415 restituendum
1768 1386 1864 1415 esse
1905 1375 2007 1415 mihi
2050 1378 2234 1425 videtur,
2278 1378 2407 1416 verba

54 1437 199 1478 facere
224 1439 363 1479 liceat.
418 1438 624 1479 Exhibent
653 1440 766 1478 enim
795 1439 916 1478 codd.
944 1439 1010 1487 IV,
1037 1439 1198 1488 4,13.14

706 1515 841 1554 Haud
867 1516 981 1554 ullas
1006 1515 1197 1566 portabis
1226 1528 1321 1567 opes
1350 1516 1601 1555 Acherontis
1630 1516 1688 1554 ad
1715 1516 1859 1555 undas
1868 1529 1881 1555 .·

708 1581 861 1619 Nudus
890 1581 947 1619 ad
976 1582 1217 1630 infernas
1231 1613 1242 1629 ‚
1273 1582 1413 1627 stulte,
1444 1582 1593 1620 vehere
1620 1594 1678 1620 ra
1689 1586 1776 1621 tes.

54 1658 119 1701 Ac
145 1660 330 1709 primum
358 1658 531 1708 quidem
560 1658 780 1698 offensioni
808 1662 887 1706 est,
917 1657 1030 1707 quod
1058 1657 1140 1697 hoc
1162 1659 1255 1697 loco
1284 1658 1437 1697 dicitur
1456 1659 1510 1698 de
1529 1659 1736 1698 ratibus
1755 1659 1940 1707 infernis,
1961 1670 2218 1709 quamquam
2237 1661 2406 1700 aliunde

55 1728 325 1775 compertum
352 1735 440 1763 non
466 1723 673 1763 habemus
701 1728 871 1762 veteres
900 1723 1080 1773 plures
1108 1727 1221 1762 rates
1258 1723 1337 1762 sibi
1371 1723 1565 1772 finxisse;
1601 1725 1801 1764 nimirum
1836 1736 1945 1764 unus
1981 1728 2045 1763 est
2082 1725 2266 1775 Charon,
2303 1738 2405 1776 ergo

56 1800 143 1830 una
167 1790 291 1838 ratis3
506 1789 559 1828 cf.
580 1790 711 1840 Prop.
738 1789 808 1836 III,
836 1789 957 1838 21,14
986 1788 1145 1827 Cernat
1173 1794 1211 1827 et
1240 1789 1491 1839 infernae
1520 1791 1662 1828 tristia
1692 1791 1786 1828 vela
1815 1792 1951 1828 ratis

19 1851 23 1854 ⁵
607 1854 736 1906 Lygd.
764 1857 803 1903 5,
830 1855 951 1895 2324
979 1853 1149 1905 Elysios
1178 1855 1283 1892 olim
1312 1854 1436 1893 liceat
1464 1867 1707 1904 coynoscere
1735 1855 1902 1906 campos

986 1919 1360 1970 Lethaeamque
1389 1923 1554 1958 ratem
1586 1920 1919 1970 Cimmeriosque
1948 1922 2076 1969 lacus,

51 2008 142 2048 quo
169 1997 264 2038 loco
292 1997 534 2049 Lygdamus
569 1997 864 2037 concinnitatis
898 2007 1026 2036 causa
1061 1997 1268 2047 pluralem
1308 2009 1531 2037 numerum
1570 1999 1718 2047 procul
1756 1998 1883 2038 dubio
1918 1999 2190 2048 adhibuisset,
2219 2001 2299 2039 nisi
2327 2011 2405 2050 per

51 2063 292 2104 docuinam
316 2057 646 2114 mythologicam
673 2063 830 2101 vetitus
859 2065 984 2100 esset.
1040 2061 1201 2100 Deinde
1228 2060 1310 2101 hoc
1339 2073 1509 2113 quoque
1536 2063 1629 2102 loco
1659 2063 1712 2102 de
1740 2075 1842 2103 una
1877 2068 1967 2103 rate
1995 2065 2258 2114 Propertium
2294 2067 2403 2115 cogi-

53 2133 185 2178 tasse,
213 2127 398 2168 dilucide
424 2128 603 2178 adparet
630 2138 683 2166 ex
710 2128 773 2176 iis,
802 2138 913 2178 quae
941 2125 1351 2177 sequantui-,Victor
1379 2139 1476 2166 cum
1506 2129 1625 2166 victis
1650 2130 1855 2179 pariter
1891 2129 2196 2168 miscebitur
2225 2130 2402 2169 umbris.

53 2194 204 2246 Itaque
230 2204 330 2233 cum
349 2191 621 2238 Lachmanno
649 2204 735 2232 non
763 2194 1092 2240 consentiemuS,
1121 2194 1192 2242 qui
1213 2193 1417 2242 pluralem
1437 2204 1660 2232 numerum
1685 2194 1913 2233 defendere
1942 2196 2031 2234 vult
2060 2206 2111 2234 ex
2138 2206 2205 2233 vv.
2236 2195 2281 2242 V,
2311 2196 2404 2243 7,55

54 2270 150 2310 sqq.
205 2258 314 2299 Cum
339 2259 455 2298 enim
482 2257 564 2306 hic,
592 2257 663 2297 ubi
690 2258 854 2296 animas
882 2255 1100 2296 vehendas
1128 2257 1321 2307 dispertit
1350 2262 1476 2308 poeta
1502 2259 1546 2297 in
1574 2258 1665 2308 pias
1701 2262 1745 2297 et
1777 2259 1941 2309 impias,
1970 2259 2157 2308 haberet,
2187 2270 2263 2298 cur
2299 2260 2404 2298 duas

52 2326 135 2367 sibi
162 2324 342 2374 fingeret
368 2327 495 2372 rates,
523 2324 739 2362 communi
766 2323 825 2362 illi
853 2323 1091 2362 sententiae
1119 2322 1273 2360 Nudus
1302 2323 1360 2361 ad
1388 2324 1417 2362 i.
1447 2336 1477 2362 s,
1508 2336 1545 2362 υ.
1574 2336 1609 2362 r.
1639 2335 1764 2362 nemo
1782 2324 2012 2373 intelleget,
2042 2336 2117 2363 cur
2146 2326 2404 2374 peculiarem

53 2400 178 2431 suam
203 2390 428 2429 inseruerit
456 2389 692 2428 doctrinam
721 2386 1063 2437 mythologicam.
1122 2387 1349 2426 Praeterea
1384 2398 1469 2426 non
1504 2398 1675 2437 semper
1708 2391 1876 2437 poetam
1914 2389 1967 2427 de
2002 2388 2165 2427 duabus
2194 2389 2403 2437 cogitasse

50 2454 215 2495 ratibus
249 2465 302 2493 ex
337 2453 533 2503 exemplo
567 2464 696 2502 supra
732 2456 1066 2491 commemorato
1103 2452 1376 2500 manifestum
1413 2455 1490 2490 est.
1546 2450 1631 2489 Sed
1666 2451 1879 2491 accedunt
1914 2453 2020 2491 aliae
2057 2453 2311 2492 offensiones
2350 2464 2403 2492 ex

46 2520 360 2559 sententiarum
388 2529 500 2558 nexu
527 2520 696 2568 petitae.
754 2517 958 2564 Quoniam
988 2517 1101 2555 enim
1129 2518 1270 2556 anima
1296 2516 1471 2554 vehetur
1500 2515 1556 2553 ad
1593 2520 1719 2564 rates,
1756 2517 1942 2555 nondum
1978 2517 2174 2556 videlicet
2210 2519 2323 2567 ipsas
2350 2518 2403 2557 ad

50 2588 170 2624 rates
187 2585 441 2634 pervenerit.
488 2584 686 2623 Attamen
712 2594 766 2622 ex
792 2593 922 2621 versu
950 2582 1232 2620 antecedente
1252 2582 1547 2631 cognoscimus
1563 2582 1646 2620 iam
1665 2581 1718 2620 ad
1738 2581 1881 2619 undas
1900 2583 2156 2631 pervenisse.
2170 2582 2203 2632 ¹)
2241 2583 2403 2623 Deinde

53 2654 199 2689 autem
226 2649 441 2698 quomodo
469 2650 611 2688 anima
638 2652 778 2698 potest
805 2646 921 2693 vehi,
962 2647 1208 2696 priusquam
1242 2646 1295 2684 ad
1331 2651 1444 2685 rates
1479 2647 1608 2694 venit,
1641 2646 1794 2696 quibus
1829 2647 2087 2686 veheretur-‘3
2122 2648 2403 2701 Expectamus

55 2717 182 2766 igitur
194 2715 390 2762 animam,
410 2717 636 2764 postquam
655 2714 708 2753 ad
728 2713 863 2752 undas
883 2713 1088 2762 pervenit,
1109 2723 1192 2749 non
1211 2711 1264 2749 ad
1284 2715 1399 2750 rates
1428 2712 1623 2758 infernas,
1654 2712 1730 2750 sed
1750 2716 1865 2749 *rate
1886 2712 1948 2749 ad
1971 2712 2212 2762 infernos
2230 2717 2402 2752 vectum

54 2781 116 2821 iri.
173 2780 251 2821 Hic
279 2782 422 2818 autem
449 2789 601 2817 sensus
628 2779 876 2817 restituetur
904 2786 1158 2825 omnesque,
1187 2786 1293 2825 quas
1329 2778 1777 2824 commemorantum,
1813 2777 2082 2816 difficultates
2118 2778 2338 2826 tollentur,
2366 2779 2403 2817 si

47 2842 362 2894 scripserimus

737 2894 890 2933 Nudus
919 2895 977 2933 ad
1005 2893 1218 2944 infernos,
1246 2893 1384 2941 stulte,
1416 2894 1564 2931 vehere
1592 2897 1698 2945 rate,

322 2961 374 2999 cf.
402 2959 532 3011 Lygd.
560 2960 694 3008 3‚9.10
726 2959 841 2998 Tunc
869 2972 964 2998 cum
987 2971 1211 3009 per-menso
1241 2959 1467 3009 defunctus
1496 2961 1683 3008 tempore
1712 2959 1816 2996 lucis

722 3024 874 3063 Nudus
901 3025 1130 3063 Lethaea
1157 3035 1326 3074 coyerer
1354 3024 1429 3070 ire
1456 3026 1570 3061 rate

322 3089 392 3128 Sil.
420 3089 508 3128 Ital.
541 3089 583 3138 V,
611 3090 690 3129 267
721 3089 854 3136 Quem
909 3118 1381 3129 ........

720 3154 899 3194 Nudum
930 3155 1134 3194 Tartarea
1160 3153 1349 3205 portabit
1374 3155 1526 3192 navita
1553 3153 1709 3205 cymba.

205 3338 231 3382 λ)
257 3337 306 3373 cf.
331 3338 577 3384 Hertzbergii
600 3342 812 3376 comment.
838 3349 875 3384 p.
900 3337 981 3375 271.

2482 1451 2593 1496 Prop.
2609 1449 2765 1497 1V,4‚14
