2794 3744
168 1312 197 1355 1,
222 1311 300 1357 2,91

89 2213 207 2261 Lygd.
220 2216 304 2262 5‚16

143 2823 193 2867 11,
219 2822 305 2867 1,13

1129 892 1996 1009 Appendix.

521 1239 558 1354 i?
580 1239 902 1354 {gfffihssm
930 1308 1133 1355 excerpta
1160 1305 1288 1344 Paris.
1319 1308 1363 1344 et
1390 1305 1599 1345 Vincentii
1627 1305 1962 1345 Bellovacensis:

919 1368 1017 1408 Vidi
1047 1381 1121 1420 eqo
1150 1370 1224 1420 qai
1253 1369 1470 1410 miseros
1499 1371 1737 1409 iuvenum
1765 1370 2103 1421 dampnasset
2131 1382 2295 1410 amores

631 1437 761 1476 ceteri
789 1435 910 1476 codd.
967 1466 991 1484 „
1074 1466 1097 1484 „
1179 1466 1204 1484 „
1251 1436 1510 1488 ιἰιυενιίινηβ
1528 1437 1748 1475 miseros
1778 1436 1991 1475 lusisset

377 1500 439 1540 Ac
466 1503 583 1540 recte
611 1500 783 1550 quidem
811 1498 1084 1549 Richterus1)
1114 1500 1308 1551 exemplo
1338 1501 1506 1540 conlato
1534 1501 1746 1541 simillimo
1774 1501 1805 1550 I,
1833 1500 1920 1550 8,71

910 1565 992 1604 Hic
1020 1565 1243 1604 Marathus
1272 1566 1492 1616 quondam
1522 1567 1697 1605 miseros
1727 1565 1930 1606 ludebat
1959 1571 2152 1623 amantes
2584 1613 2588 1631 Ι

378 1631 542 1670 lusisset
570 1633 797 1682 genuinam
831 1643 926 1671 esse
960 1633 1189 1672 lectionem
1218 1632 1455 1682 contendit3
1496 1633 1575 1672 sed
1602 1633 1731 1673 falsus
1764 1637 1843 1681 est,
1872 1633 1986 1684 quod
2016 1637 2058 1674 et
2091 1634 2320 1674 verborum
2348 1634 2542 1675 ordinem
2559 1633 2612 1675 ab
2639 1633 2722 1674 illis

376 1697 585 1747 excerptis
620 1697 852 1739 exhibitum
881 1698 1058 1738 miseros
1086 1699 1291 1738 iuvenum
1321 1710 1415 1739 eam
1443 1699 1497 1739 ob
1534 1709 1706 1739 causam
1734 1699 1937 1749 praefert,
1975 1700 2073 1750 quia
2101 1700 2358 1740 adiectivum
2385 1699 2650 1740 substantivo
2676 1699 2722 1738 in

347 1795 349 1797 .
374 1760 460 1800 fine
487 1772 638 1802 versus
666 1764 803 1813 posito
832 1769 932 1804 ante
961 1776 1181 1805 caesuram
1208 1763 1564 1815 penthemimerin
1593 1764 1860 1804 conlocatum
1888 1765 2135 1816 saepissime
2161 1765 2411 1806 inveniatur.
2457 1765 2720 1816 Quamquam

375 1827 489 1867 enim
517 1829 736 1878 permultis
770 1830 875 1870 locis
904 1829 1010 1870 haec
1035 1831 1180 1880 regula
1208 1834 1250 1870 et
1268 1842 1293 1870 a
1312 1830 1475 1870 Tibullo
1495 1833 1537 1869 et
1556 1829 1610 1869 ab
1629 1830 1827 1869 omnibus
1847 1831 1983 1880 poetis
2003 1830 2200 1881 elegiacis
2219 1831 2444 1871 observata
2461 1834 2539 1880 est,
2566 1834 2726 1877 tamen,

375 1895 455 1934 nisi
483 1895 563 1934 alia
589 1895 800 1935 accedunt
828 1900 1088 1947 argumenta,
1124 1897 1183 1936 nil
1217 1896 1331 1936 valet
1365 1896 1418 1935 ad
1453 1897 1706 1946 scripturam
1741 1895 1953 1946 quandam
1990 1895 2368 1946 comprobandam,
2402 1895 2603 1947 quoniam
2636 1905 2724 1935 non

373 1971 544 2011 semper
578 1972 673 2000 eam
705 1966 954 2012 usurpatam
982 1973 1077 2002 esse
1112 1962 1206 2012 ipso
1234 1962 1305 2001 illo
1334 1972 1386 2001 ex
1414 1961 1607 2011 exemplo
1635 1972 1660 2000 a
1678 1960 1878 2000 Richtero
1906 1961 2046 2001 adlato
2065 1961 2223 2012 liquido
2240 1961 2428 2012 adparet.
2482 1961 2590 2009 Quid
2609 1960 2723 2000 enim

375 2025 537 2065 obstitit
555 2030 720 2076 poetae,
741 2029 966 2077 quominus
984 2028 1208 2068 scriberet:
1238 2027 1321 2066 Hic
1341 2026 1563 2065 Marathus
1582 2026 1796 2065 miseros
1817 2026 2072 2076 quondam
2093 2026 2121 2066 l.
2145 2027 2218 2067 a?
2247 2027 2355 2066 Huic
2373 2027 2566 2078 exemplo
2585 2025 2722 2066 adicio

375 2091 488 2131 aliud
515 2090 727 2132 simillime
752 2098 1045 2144 comparatum
1069 2094 1100 2143 Ι,
1125 2093 1188 2143 9,1
2110 2130 2115 2136 ,

859 2157 974 2205 Quid
1003 2158 1127 2204 mihi,
1159 2157 1196 2195 si
1223 2157 1371 2208 fueras
1400 2157 1615 2195 miseros
1645 2156 1837 2194 laesurus
1867 2168 2087 2205 amores,
2120 2168 2157 2197 e.
2190 2167 2232 2207 q.
2263 2168 2296 2197 s.

374 2220 522 2271 Itaque
549 2221 664 2260 nulla
691 2226 756 2261 est
785 2233 924 2271 causa,
954 2233 1039 2273 qua
1069 2223 1203 2262 coacti
1232 2226 1431 2272 excerpta
1459 2222 1529 2261 illa
1555 2231 1797 2271 sequamur.

519 2287 679 2326 Deinde
709 2287 835 2338 Lygd.
864 2288 969 2337 5,16,
997 2288 1069 2328 ubi
1096 2288 1303 2338 praebent

741 2364 831 2393 exc,
861 2354 955 2393 Par.
985 2357 1028 2393 et
1055 2353 1170 2392 Vino.
1201 2352 1358 2392 Bellov.
1387 2351 1472 2390 Nec
1500 2352 1615 2390 venit
1644 2353 1769 2390 tacito
1780 2350 1815 2403 2)
1844 2364 1975 2391 curva
2004 2355 2169 2391 senecta
2193 2352 2304 2403 pede

1063 2419 1194 2458 ceteri
1222 2417 1343 2457 codd.
1419 2448 1443 2466 ,‚
1544 2447 1567 2466 ‚,
1637 2416 1784 2455 tardo
1903 2447 1927 2466 „
2090 2448 2113 2467 ,‚
2249 2447 2274 2468 „

376 2482 649 2534 Richterusss)
678 2483 802 2522 tacito
831 2483 1104 2524 scribendum
1132 2495 1228 2523 esse
1257 2483 1513 2523 concludere
1541 2493 1667 2532 posse
1695 2483 1774 2522 sibi
1803 2481 1919 2522 visus
1954 2486 2020 2521 est
2049 2493 2100 2522 ex
2137 2482 2341 2523 Ovidiano
2370 2483 2477 2533 loco,
2506 2482 2579 2534 qui
2605 2487 2720 2524 extat

377 2551 463 2590 Art.
494 2562 574 2590 am.
602 2550 652 2599 ΙΙ,
681 2550 760 2591 607
1101 2550 1197 2589 Iam
1227 2550 1368 2588 veniet
1396 2549 1552 2587 tacito
1581 2560 1711 2588 curva
1739 2552 1909 2586 senecta
1932 2548 2055 2598 pede.

376 2617 602 2656 Praeterea
629 2615 859 2665 addubitat,
890 2617 991 2666 quin
1021 2615 1245 2666 quisquam
1274 2615 1424 2654 dixerit
1452 2614 1574 2652 tardo
1600 2613 1709 2664 pede
1736 2617 1918 2653 aetatem
1947 2613 2103 2652 venire.
2158 2613 2247 2652 Iam
2275 2618 2419 2654 autem
2446 2612 2560 2655 hunc
2586 2615 2718 2666 ipsius

378 2681 528 2721 Tibulli
557 2680 751 2720 conferas
780 2681 921 2721 locum
948 2681 978 2730 Ι,
1007 2682 1100 2730 8,48
1127 2693 1215 2719 non
1235 2679 1388 2718 tardo
1419 2679 1579 2717 labitur
1599 2678 1676 2716 illa
1694 2678 1770 2729 (sc.
1791 2677 1926 2728 aetas)
1950 2678 2061 2728 pede
2079 2678 2149 2730 (cf.
2168 2678 2218 2727 II,
2237 2679 2330 2728 219
2350 2679 2478 2718 tarda
2496 2679 2717 2731 senectus),

377 2751 424 2787 ut
452 2757 684 2797 cognoscas
711 2745 794 2786 hoc
822 2756 992 2796 quoque
1021 2746 1113 2784 loco
1143 2756 1226 2784 non
1257 2755 1364 2792 esse,
1394 2755 1470 2783 cur
1489 2755 1514 2783 a
1539 2747 1779 2782 ceterorum
1808 2741 2005 2781 codicum
2023 2743 2275 2782 auctoritate
2303 2743 2568 2784 recedamus.

538 2812 667 2851 Porro
695 2811 745 2859 ΙΙ,
774 2811 867 2860 1,13
896 2811 1049 2861 legitur
1076 2811 1118 2849 in

929 2886 1021 2914 exc.
1053 2875 1144 2914 Par.
1176 2873 1303 2912 Casta
1327 2873 1496 2924 placent
1523 2872 1710 2923 superis:
1736 2883 1853 2922 para
1880 2883 1976 2909 cum
2005 2875 2164 2910 mente
2192 2872 2331 2911 venite

833 2941 986 2980 ceteris
1016 2940 1138 2979 codd.
1222 2970 1245 2988 „
1391 2969 1414 2987 „
1604 2969 1627 2987 ‚,
1771 2968 1795 2986 ‚,
2010 2941 2146 2976 veste

378 3017 461 3056 quo
490 3006 583 3045 loco
613 3006 845 3045 Protzenus
857 3003 892 3056 4)
922 3007 1148 3045 lectionem
1177 3008 1314 3043 mente
1341 3003 1436 3043 ideo
1464 3003 1672 3053 potiorem
1701 3013 1797 3042 esse
1825 3007 1985 3052 censet,
2015 3003 2130 3054 quod
2158 3003 2287 3042 verba
2321 3013 2428 3052 quae
2455 3002 2714 3044 antecedunt

526 3167 537 3186 1

518 3169 552 3270 2))
572 3177 616 3260 Ilii
640 3166 875 3262 {Zehrensii
899 3226 1092 3270 apparatu
1117 3222 1255 3259 critico
1279 3232 1352 3267 per
1378 3223 1568 3258 mendum
1591 3220 1923 3267 typographicum
1948 3222 2060 3256 extat
2084 3225 2216 3258 tacita.

522 3284 551 3329 8)
574 3295 612 3329 p.
637 3283 754 3319 6465.

522 3342 551 3387 4)
575 3353 611 3387 1³·
637 3343 694 3378 53-
