2736 3788
1139 209 1379 247 ..9-

22 358 31 364 -
83 335 319 384 Μαι)
353 334 539 373 maxima
574 344 674 372 cum
712 334 756 373 vi
782 333 989 373 extollens
1025 345 1192 383 quoque
1231 334 1334 373 illud
1379 345 1462 374 non
1498 335 1625 374 modo
1674 347 2040 386 supervacaneum
2076 341 2155 384 est,
2189 336 2267 375 sed
2301 338 2429 376 etiam

0 390 17 438 ιζ
36 404 45 414 ·
73 394 313 445 1ssnodum
331 397 504 448 languet
523 402 653 448 atque
675 398 895 438 claudicat.
938 397 1022 438 Sed
1048 399 1268 438 audiamus
1297 399 1518 447 Klotzium,
1543 401 1616 449 qui
1634 412 1779 450 qreyes
1797 402 1893 440 ideo
1913 401 2011 442 ferri
2035 413 2119 441 000
2147 412 2274 451 posse
2297 406 2429 451 putat,

10 458 40 492 ''³1·
83 455 299 513 qu'odhoc
316 463 411 501 loco
431 473 516 502 000
541 463 595 502 de
623 462 860 501 mansuetis
887 462 1121 512 pecudibus
1149 465 1227 513 agi,
1256 464 1334 503 sed
1361 465 1464 504 solis
1491 464 1545 503 de
1572 464 1678 508 feris
1706 465 1943 505 luculenter
1970 466 2169 516 adpareat
2195 477 2249 505 ex
2274 466 2429 514 verbis,

83 536 196 577 quta
206 532 441 577 sequantur
454 529 470 565 i
480 540 507 565 n
517 527 546 566 d
555 540 578 566 ο
586 528 653 566 mi
663 531 743 566 tas
758 558 768 566 .
790 558 800 566 .
820 558 829 566 .
844 528 959 566 inter
972 540 1118 577 equas,
1139 530 1207 567 cui
1221 531 1366 568 sensui
1385 530 1512 569 etiam
1527 534 1726 567 armenta
1744 531 1876 569 boves
1891 532 1910 569 f
1913 542 1937 570 e
1946 543 1967 569 r
1976 543 2000 570 o
2009 543 2030 569 3
2047 531 2260 570 interdum
2273 531 2430 581 signifi-

5 628 10 636 ,
82 600 188 631 cnm
202 593 418 640 inserviat,
436 593 610 633 minime
629 596 772 659 autem
787 604 946 642 qreyes.
978 592 1094 640 Quae
1109 593 1297 641 offensio,
1316 598 1362 632 ut
1381 594 1435 632 ad
1451 595 1615 633 irritum
1629 594 1854 644 redigatur,
1871 595 1951 634 hoc
1972 597 2174 645 respicias
2188 596 2429 646 exemplum

456 670 689 719 115⁴},5‘t‘
842 702 851 709 .
883 702 891 709 .
923 702 932 709 .
963 671 1048 709 ubi
1078 671 1351 709 indomitis
1380 671 1624 721 qreqibus
1659 670 1797 710 Venus
1826 672 1949 723 afflat
1977 685 2144 711 amores

81 727 254 798 69ᾦο
273 713 614 787 manifestissime
640 747 779 786 elucet
806 759 951 798 qreqes
980 749 1107 787 etiam
1136 748 1189 787 de
1219 749 1342 787 feris
1364 759 1496 798 posse
1524 748 1619 787 dici.
1676 748 1796 795 Quod
1833 759 1931 788 cum
1965 750 2022 788 ita
2058 751 2125 797 sit,
2161 751 2261 800 quid
2298 762 2426 801 porro

81 791 258 861 fifflt,
267 807 493 862 quominus
529 811 766 850 indomitas
800 823 886 851 non
921 813 1059 852 solum
1095 813 1149 851 ad
1186 825 1331 863 equaS,
1367 812 1444 852 sed
1480 814 1609 852 etiam
1635 814 1690 852 ad
1718 826 1863 864 9re9es
1892 817 1933 852 et
1962 818 2160 852 armenta
2186 817 2292 855 tacit
2319 816 2425 855 refe-

22 891 26 915 :
78 875 296 926 ramns‘l¹)

79 938 307 982 Praeterea
333 942 386 982 cf.
414 941 493 982 hos
521 941 748 982 Ovidianos
776 943 893 982 locos
936 957 950 968 ·

561 1021 726 1060 Metam.
755 1020 786 1068 I,
814 1021 894 1060 513
964 1052 973 1060 .
1030 1052 1039 1059 .
1096 1052 1104 1059 .
1176 1033 1262 1058 ‘non
1293 1021 1362 1058 hic
1391 1024 1633 1059 armenta
1662 1033 1948 1071 yreqesque

922 1085 1139 1124 Horridus
1168 1086 1348 1124 observo,

644 1181 655 1199 ‚
723 1151 787 1199 IV,
815 1150 895 1190 634
922 1150 1040 1188 Mille
1068 1163 1244 1201 qreqes
1272 1151 1339 1189 illi
1369 1151 1628 1201 totidemque
1656 1155 1898 1188 armenta
1924 1163 2004 1201 με’·
2031 1151 2182 1189 herbas

903 1214 983 1252 E,
986 1215 1156 1254 rabant

16 1335 17 1338 Ἴ
78 1274 174 1344 §tir
190 1285 332 1333 autem
371 1284 511 1333 ipsum
538 1293 711 1321 versum
753 1279 989 1330 euphoniae
1031 1292 1117 1319 000
1145 1280 1387 1320 satisfacere
1415 1285 1587 1319 censeat
1615 1272 1821 1327 Klo'tzius,
1858 1290 1943 1318 non
1978 1281 2197 1329 perspicio.
2254 1280 2425 1320 Videtur

78 1342 275 1402 interque
306 1347 409 1387 illud
443 1347 488 1386 in
523 1346 675 1386 eodem
723 1357 849 1384 versu
890 1345 956 1385 bis
990 1347 1174 1396 positum
1207 1344 1454 1394 scrupulum
1494 1346 1534 1384 ei
1573 1346 1799 1393 adiecisse,
1849 1356 2108 1394 quamquam
2154 1344 2280 1385 huius
2319 1358 2422 1386 usus

0 1415 10 1464 ζ
76 1405 279 1475 Ιφφωὶᾱι
305 1400 513 1462 permulta
540 1411 652 1462 apud
680 1415 826 1461 p'oetas
854 1415 999 1450 extant
1027 1410 1233 1460 exempla,
1261 1421 1440 1459 quorum
1468 1411 1570 1449 satis
1597 1409 1733 1449 habeo
1761 1421 1893 1448 unum
1922 1409 2197 1460 adscripsisse

0 1470 11 1482 ’
585 1476 807 1527 Lygd.1‚4
835 1475 1025 1525 Perque
1054 1476 1146 1513 vias
1176 1474 1292 1512 urbis
1324 1486 1503 1512 munera
1531 1486 1623 1524 per
1633 1486 1728 1524 que
1758 1474 1917 1512 domos

0 1535 1 1540 ¹
76 1542 391 1606 Congefflerunt
422 1543 523 1582 talia
554 1542 749 1591 exempla
783 1541 970 1580 Handius
1002 1541 1177 1579 Tursell.
1208 1539 1277 1588 ΙΠ,
1313 1551 1352 1589 p.
1386 1539 1478 1586 409,
1513 1539 1765 1588 Forbigerus
1797 1539 1850 1577 ad
1882 1539 2033 1589 Vergil.
2069 1540 2171 1578 Aen.
2191 1541 2241 1589 ΙΙ,
2260 1542 2352 1582 358.
2372 1565 2423 1571 -—

77 1606 264 1671 Qus
276 1609 479 1669 expositis
514 1619 764 1658 persuasum
802 1606 1054 1646 habebimus
1089 1607 1184 1645 cod.
1224 1606 1260 1645 G
1292 1604 1374 1644 hoc
1410 1605 1501 1643 1000
1545 1605 1795 1653 scripturam
1830 1605 2034 1654 praebere
2070 1607 2183 1645 omni
2218 1618 2270 1645 ex
2302 1605 2421 1657 parte

73 1663 408 1735 comprobatam
1255 1719 1258 1721 ,

78 1764 127 1798 f
221 1749 426 1797 Quoniam
459 1750 600 1790 adhuc
635 1751 741 1789 tales
774 1751 1048 1789 tractavimus
1084 1749 1213 1796 locos,
1250 1748 1402 1798 quibus
1436 1749 1488 1786 ad
1525 1748 1618 1787 cod.
1659 1748 1694 1787 G
1730 1750 2022 1788 auctoritatem
2056 1751 2420 1790 conroborandam

0 1846 5 1873 ³.
75 1815 209 1867 ipsius
240 1811 544 1855 traditionis
579 1819 763 1854 natura
796 1815 917 1854 nobis
951 1814 1139 1854 attulerit
1173 1815 1393 1862 auxilium,
1429 1825 1542 1852 nunc
1587 1814 1640 1853 ad
1682 1825 1756 1853 eas
1798 1819 2063 1853 transeamus
2104 1815 2420 1866 discrepantias,

0 1893 4 1926 ς
73 1891 185 1931 quas
215 1880 270 1929 ad
297 1880 589 1922 diiudicandas
624 1881 762 1920 solum
802 1880 872 1918 vel
908 1891 962 1918 ex
1008 1890 1200 1929 genere
1241 1879 1457 1919 dicendi
1490 1879 1559 1918 vel
1594 1890 1646 1918 ex
1687 1881 1921 1919 metricis
1962 1879 2421 1921 observationibus

0 1934 6 1942 ³
83 1946 235 1989 velex
260 1957 392 1985 nexu
419 1947 799 1985 sententiarum
826 1944 1011 1994 petenda
1037 1945 1122 1983 sint
1151 1949 1412 1994 argumenta.

3 2069 5 2074 .
218 2023 359 2073 Atque
398 2024 562 2063 initium
604 2024 821 2072 capiemus
861 2022 914 2061 ab
955 2024 1016 2061 eis
1058 2022 1176 2068 10013,
1216 2021 1369 2070 quibus
1412 2020 1672 2059 diversam
1713 2022 1850 2060 inter
1897 2033 1955 2060 se
2004 2022 2135 2062 duae
2177 2024 2417 2063 codicum

0 2084 3 2131 Ῐ
75 2088 303 2132 familiae
331 2087 580 2127 exhibent
608 2088 1027 2126 conlocationem
1053 2088 1342 2127 verborum.
1399 2087 1505 2126 Sunt
1533 2092 1675 2126 autem
1702 2086 1816 2127 hice:

785 2165 815 2212 Ι,
842 2165 936 2212 1,·78
963 2165 1195 2214 despiciam
1223 2151 1331 2203 dites
1447 2163 1482 2201 G
1509 2163 1641 2215 (Par.)
1749 2165 1860 2203 dites
1887 2166 2138 2215 despiciam*
2207 2165 2276 2203 AV

787 2231 817 2278 I,
844 2231 911 2277 3,9
966 2241 1064 2268 cum
1092 2241 1162 2268 me
1445 2228 1479 2266 G
1748 2240 1818 2268 me
1847 2241 1945 2268 cum
2034 2278 2037 2280 Π
2205 2230 2275 2268 AV

786 2296 819 2343 Ι,
844 2296 946 2342 3,30·
964 2294 1075 2333 fores
1102 2325 1110 2332 .
1132 2324 1141 2332 .
1163 2305 1330 2333 .sacras
1446 2293 1479 2331 G
1742 2304 1885 2332 sacras
1915 2325 1924 2333 .
1945 2325 1953 2332 .
1975 2325 1984 2332 .
2004 2295 2115 2334 fores
2205 2295 2275 2333 AV
2325 2315 2328 2317 >

786 2361 816 2408 Ι,
844 2361 911 2408 8,9
965 2359 1135 2409 prodest
1161 2360 1312 2398 molles
1440 2359 1475 2397 G
1505 2359 1634 2410 (Par.)
1743 2360 1892 2398 molles
1920 2360 2094 2410 prodest
2205 2361 2275 2398 AV

786 2426 816 2473 I,
843 2426 937 2473 9‚53
965 2425 1087 2463 donis
1114 2435 1295 2474 puerum
1439 2423 1473 2461 G
1740 2435 1919 2473 puerum
1947 2425 2067 2464 donis
2203 2426 2274 2463 AV

767 2490 818 2538 11,
846 2489 939 2537 6,49
966 2490 1173 2540 promissa
1185 2488 1289 2529 mihi
1301 2488 1402 2540 (est)
1430 2489 1465 2527 G
1730 2488 1832 2528 mihi
1848 2491 2055 2538 promissa
2069 2490 2170 2540 (est)
2200 2490 2269 2527 AV

399 2572 402 2575 ·
687 2555 815 2606 Lygd.
843 2555 935 2602 337
965 2554 1103 2594 reditu
1131 2551 1290 2603 dulci2)
1434 2553 1469 2591 G
1730 2553 1841 2592 dulci
1870 2554 2007 2593 reditu
2203 2554 2274 2592 AV

219 2620 274 2660 de
288 2619 402 2671 Sulp.
418 2623 461 2660 et
476 2619 660 2660 Cerinth.
675 2631 805 2659 amor.
834 2621 898 2668 4‚7
964 2624 1008 2659 te
1036 2631 1112 2670 per
1433 2618 1479 2657 G⁴
1733 2629 1809 2669 per
1836 2622 1879 2657 te
1944 2610 1963 2622 '
2195 2619 2299 2657 AVF

0 2715 3 2726 ν
71 2696 251 2754 ,Omnes
282 2695 361 2736 hos
408 2699 525 2737 locos
565 2697 846 2746 Rossbergius
894 2697 996 2736 dicit
1007 2694 1042 2745 3)
1090 2697 1134 2735 in
1168 2695 1260 2734 cod.
1310 2694 1345 2734 G
1393 2707 1513 2734 mera
1563 2696 1875 2746 interpolatoris
1922 2695 2109 2735 lubidine
2158 2696 2408 2746 depravatos

0 2763 3 2766 ’
71 2773 185 2803 cese.
238 2762 329 2804 Iam
356 2762 640 2802 concedamus
667 2761 922 2811 Rossbergio
950 2761 1103 2800 falsum
1130 2761 1223 2800 cod.
1259 2759 1295 2798 G
1333 2760 1533 2800 exhibere
1561 2761 1787 2800 verborum
1822 2761 2030 2801 ordinem:
2069 2766 2166 2800 ante
2200 2762 2345 2807 omnia
2372 2763 2412 2801 ei

0 2838 3 2878 ᾗ
71 2827 345 2891 obiciendum
373 2831 440 2866 est
458 2826 591 2875 ‚huius
618 2827 786 2876 generis
814 2827 1074 2876 corruptelas
1109 2827 1212 2864 satis
1238 2825 1481 2875 frequentes
1514 2827 1559 2865 in
1592 2826 1708 2866 libris
1734 2837 1834 2864 mss.
1864 2837 1949 2864 non
1975 2826 2279 2876 transponendi
2304 2826 2411 2865 lubi-

76 2891 165 2932 dini
191 2892 454 2933 librariorum
481 2892 727 2932 tribuendas
755 2902 862 2938 esse,
890 2891 967 2930 sed
987 2902 1134 2930 eorum
1152 2890 1373 2929 socordiae
1402 2895 1528 2940 atque
1557 2891 1804 2930 oscitationi.
1841 2890 2032 2940 Namque
2051 2902 2179 2940 quem
2207 2891 2259 2929 ad
2280 2890 2409 2930 finem

76 2961 275 3008 putemus
292 2958 634 3008 interpolatorem
651 2957 770 2996 illum
788 2968 824 2996 e.
842 2968 880 3006 g.
900 2957 931 3004 I,
958 2956 1023 3005 5,7
1047 2968 1127 3006 per
1155 2960 1194 2993 te
1212 2957 1415 2995 intactum
1441 2956 1674 3005 reliquisse,
1692 2956 1939 2995 immutasse
1959 2956 2012 2994 de
2031 2956 2143 3005 Sulp.
2164 2960 2207 2994 et
2226 2955 2408 2995 Cerinth.

1097 3171 1109 3191 Ι

225 3234 256 3279 ¹)
281 3235 330 3271 cf.
355 3236 504 3271 Dissen
528 3235 578 3270 de
602 3233 715 3278 poesi
737 3232 877 3268 Tibulli
902 3243 940 3277 p.
965 3231 1035 3266 165
1060 3234 1103 3267 et
1126 3231 1207 3266 171.

87 3284 113 3317 ’ἶ
123 3293 126 3301 “
143 3285 159 3315 ’ἶ
172 3303 181 3318 ¹
223 3287 254 3336 ²)
277 3293 390 3336 Quod
412 3293 679 3330 Baehrensius
702 3292 800 3337 prol.
825 3301 863 3337 p.
888 3291 936 3326 16
959 3294 1143 3336 testatur,
1167 3290 1452 3335 Rossbergium
1475 3290 1625 3335 effugit.

215 3351 256 3395 ¹)
279 3353 305 3388 1.
328 3354 353 3389 l.
377 3363 416 3398 p.
440 3353 499 3388 76.
