2736 3788
79 2772 129 2817 11,
155 2772 241 2818 6,49

1378 221 1643 260 —19-

332 347 503 396 quidem
531 346 708 384 verbum
737 343 1051 382 substantivum
1080 344 1329 393 saepissime
1359 345 1563 384 omissum
1593 346 1647 395 (e.
1676 356 1715 395 g.
1747 345 1777 393 Ι,
1805 346 1921 395 4,23,,
1946 346 1976 394 Ι,
2007 346 2098 394 7,1Ο
2123 357 2217 398 sqq.
2227 360 2238 397 ,
2268 349 2316 398 ΙΙ,
2345 349 2458 398 1,8Ο,
2489 350 2536 398 ΙΙ,
2565 349 2680 399 332,

330 412 379 460 ΙΙ,
407 411 562 460 5,107),
594 409 745 448 deinde
774 413 916 447 autem
945 409 1036 458 ipso
1066 420 1117 447 ex
1146 420 1210 457 eo,
1241 409 1354 458 quod
1384 421 1450 449 VV.
1479 411 1505 448 5
1533 414 1576 449 et
1605 412 1627 450 7
1658 411 1808 460 copula
1845 410 1977 459 abest,
2013 411 2171 460 liquido
2206 412 2383 463 adparet
2419 418 2589 464 poetam
2626 414 2681 463 de

330 477 535 514 industria
565 478 622 511 est
652 474 856 521 omisisse,
895 485 978 523 quo
1008 474 1174 523 gravior
1202 474 1324 513 fieret
1353 476 1486 514 oratio
1522 480 1650 524 atque
1686 477 1914 529 nervosior.
1979 477 2125 515 Porro·
2144 477 2424 518 audacissima
2459 483 2526 519 est
2559 480 2680 529 ratio,

331 552 413 590 qua
448 541 716 579 coniecturae
753 540 928 578 alicuius
969 541 1103 589 gratia
1145 540 1316 589 insuper
1361 541 1635 580 intolerabilis
1677 551 1787 579 nova
1829 542 2072 580 coniectura
2115 553 2250 591 eaque
2292 545 2506 593 superflua
2545 544 2682 584 textui

330 606 628 644 immisceatur.
689 604 869 643 Omnino
898 609 1040 644 autem
1075 605 1234 643 nullam
1264 610 1408 645 extare
1438 617 1624 654 causam,
1660 617 1742 655 qua
1778 607 1913 646 coacti
1949 607 2052 646 illud
2090 619 2186 645 cam
2222 612 2395 658 propter
2429 614 2682 663 sequentem

330 682 477 709 vocem
515 674 614 707 ante
655 681 965 718 removeamus,
984 675 1100 709 recte
1123 671 1222 709 dicit
1243 671 1432 710 Handius
1450 671 1492 709 in
1513 671 1687 709 Tursell.
1730 671 1759 718 Ι,
1790 682 1827 720 p.
1858 673 1948 711 377.
1993 673 2185 723 Namque
2213 685 2297 712 non
2325 677 2402 722 est,
2423 685 2500 713 cur
2518 678 2619 714 ante
2639 678 2683 714 et

329 748 424 773 cum
446 737 770 785 comparationis
790 737 952 775 ratione
971 736 1198 775 cohaerere
1215 741 1473 785 statuamus,
1495 737 1569 775 sed
1592 748 1688 774 cum.
1707 741 1876 786 tempus
1898 737 2136 776 distinctius
2162 742 2290 788 atque
2316 738 2555 794 accuratius
2580 739 2682 779 defi·

328 802 446 839 niens
476 813 550 851 per
578 813 624 841 se
654 803 790 852 ipsum
819 807 915 850 stat,
945 802 1084 852 quade
1110 813 1155 840 re
1176 801 1471 841 Lachmannus
1501 802 1718 841 Dissenius
1746 801 2028 841 Baehrensius
2049 814 2127 842 suo
2156 803 2246 842 iure
2275 814 2373 841 cum
2401 803 2678 844 retinuerunt.

326 867 413 905 Iam
434 871 575 906 autem
596 869 786 916 quaestio
807 869 949 916 oritur,
969 872 1111 906 utrum
1141 879 1237 905 cum
1267 880 1333 905 τηε
1363 867 1434 917 (G)
1464 879 1516 906 an
1545 880 1612 905 τηε
1642 879 1738 905 cum
1759 867 1864 918 (AV)
1885 868 2158 906 scribendum
2187 869 2252 907 sit.
2282 868 2424 918 Atque
2451 858 2683 909 admodum

326 936 392 970 est
415 932 612 980 notabile,
641 932 755 982 quod
775 944 830 971 ne
849 932 1130 971 Baehrensius
1160 933 1331 982 quidem
1357 931 1449 970 cod.
1471 932 1506 970 G
1527 932 1752 970 lectionem
1780 932 1822 969 in
1850 935 2015 971 textum
2041 934 2214 982 recepit,
2243 944 2267 970 a
2298 943 2381 982 quo
2414 933 2560 973 codice
2587 933 2680 983 ipse

326 997 427 1035 dicit
456 998 534 1036 nisi
563 997 615 1035 ob
637 1008 785 1036 causas
803 998 1072 1047 gravissimas
1101 1009 1185 1036 non
1214 997 1502 1036 recedendum
1531 1007 1636 1036 esse.
1684 996 1774 1043 Qua
1801 1008 1847 1035 re
1882 1007 1933 1035 eo
1970 998 2103 1046 magis
2141 998 2349 1037 adductus
2384 1009 2492 1048 sum,
2521 1002 2569 1038 ut
2595 1010 2681 1038 non

325 1063 492 1101 solum
482 1064 614 1112 ipsius
634 1063 785 1102 Tibulli
805 1067 848 1102 et
863 1063 1077 1113 Lygdami,
1098 1063 1173 1102 sed
1195 1063 1323 1101 etiam
1343 1062 1493 1102 Catulli
1510 1063 1667 1101 Horatii
1687 1062 1895 1111 Propertii
1914 1061 2079 1101 Ovidii·
2069 1074 2110 1101 m
2130 1073 2254 1102 usum
2274 1062 2439 1102 dicendi
2457 1062 2542 1103 huc
2555 1063 2681 1114 perti-

325 1133 498 1167 nentem
525 1130 793 1190 inquirerem.
829 1129 942 1175 Quos
971 1129 1083 1178 apud
1113 1133 1280 1178 poetas,
1312 1128 1392 1167 nisi
1435 1128 1676 1177 exemplum
1712 1139 1783 1166 me
1831 1127 1986 1177 effugit,
2022 1128 2264 1177 ubicunque
2300 1128 2539 1181 coniunctio
2581 1139 2679 1178 cum

325 1194 513 1243 proxime
542 1194 734 1244 adposita
762 1198 826 1233 est
855 1193 1173 1244 pionominibus
1202 1205 1269 1231 me
1298 1197 1336 1231 te
1371 1205 1427 1241 se,
1461 1197 1560 1232 ante
1597 1192 1703 1231 haec
1743 1194 1992 1242 pionomina
2026 1193 2232 1232 collocata
2265 1197 2342 1242 est,
2380 1204 2592 1244 nusquam
2629 1204 2680 1233 ea

325 1260 527 1308 sequitur.
584 1260 779 1307 Legimus
807 1261 933 1309 igitur

326 1324 436 1373 apud
467 1324 740 1363 Tibullum:
777 1337 874 1362 cum
903 1337 971 1362 τηε
1013 1325 1042 1373 Ι,
1083 1326 1195 1374 4,79;
1237 1324 1348 1374 9,79,
1394 1337 1490 1362 cum
1533 1327 1572 1362 te
1620 1324 1669 1371 ΙΙ,
1716 1324 1828 1372 5,43,
1859 1322 1970 1373 apud
2000 1322 2340 1373 Lygdamum:
2377 1335 2474 1362 cum
2502 1327 2542 1362 te
2568 1324 2680 1372 4,55;

327 1402 424 1426 cum
439 1401 481 1427 se
495 1391 578 1438 5,4,
595 1390 707 1440 apud
722 1390 994 1429 Catullum:
1011 1388 1129 1442 [cam
1151 1395 1188 1428 te
1209 1389 1320 1442 803]
1337 1391 1378 1440 ¹),
1396 1402 1491 1427 ειιτη
1513 1402 1555 1427 se
1575 1389 1712 1438 66,52,
1734 1388 1845 1438 apud
1866 1389 2155 1427 Horatium:
2173 1400 2270 1426 cum
2287 1400 2353 1427 me
2372 1388 2458 1429 Sat.
2472 1389 2522 1438 ΙΙ,
2539 1390 2679 1444 3,262;

328 1453 376 1506 [1,
405 1450 566 1506 4,,107]
596 1467 692 1493 cum
721 1459 760 1493 te
789 1455 1263 1505 sat.1,1‚38;11‚4,;4
1293 1457 1343 1504 ΙΙ,
1373 1455 1482 1504 7,65;
1512 1467 1610 1492 cum
1638 1466 1680 1492 se
1709 1454 1839 1503 Epist.
1869 1454 1898 1502 Ι,
1930 1453 2066 1502 16,64,
2096 1453 2146 1503 ΙΙ,
2166 1453 2306 1503 1,2,61
2335 1453 2447 1504 apud
2466 1455 2679 1506 Proper

325 1519 471 1558 tium:
502 1532 598 1557 cum
627 1533 695 1559 me
723 1521 791 1569 ΙΙΙ,
823 1521 933 1569 7,,33
964 1521 1028 1568 IV,
1059 1521 1170 1569 2,,13
1201 1533 1299 1559 curn
1338 1526 1375 1560 te
1405 1521 1472 1560 III.
1502 1521 1640 1570 12,,27
1670 1519 1738 1567 ΙΙΙ,
1766 1519 1880 1567 29,9,
1911 1519 2022 1569 apud
2044 1518 2303 1559 Ovidium:
2334 1532 2432 1559 cum
2452 1532 2520 1559 ‘me
2540 1521 2680 1561 Amor.

327 1585 394 1633 ΙΙΙ,
426 1585 537 1634 1,5,7
567 1587 695 1636 Epist.
727 1598 777 1625 ex
807 1565 1140 1635 Ρο111οΙ,2,,11
1170 1588 1200 1634 Ι,
1229 1587 1340 1636 9,1,5
1371 1599 1469 1624 cum
1500 1591 1537 1624 le
1568 1585 1734 1625 Heioid.
1764 1583 1909 1632 15,189
1939 1582 2021 1634 (ed.
2051 1583 2209 1634 Riese).

328 1651 435 1692 Huic
464 1655 606 1690 autem
635 1653 729 1690 usui
758 1653 926 1691 dicendi
954 1652 1031 1690 sibi
1052 1653 1260 1691 constanti
1290 1664 1398 1691 unus
1428 1653 1546 1691 locus
1565 1651 1822 1690 Tibullianus
1851 1649 2018 1688 videtur
2045 1659 2293 1699 repugnare,
2322 1651 2410 1690 scil.

1005 1718 1034 1766 Ι,
1064 1718 1155 1766 9.,67
1202 1749 1209 1756 .
1242 1749 1250 1756 .
1283 1750 1290 1757 .
1322 1748 1329 1756 .
1374 1718 1447 1766 qui
1478 1721 1525 1755 te
1555 1728 1665 1754 cum
1693 1719 1831 1765 posset
1860 1714 2013 1752 habere

303 1781 488 1839 ‘Quibus
520 1782 637 1820 locus
658 1787 833 1832 propter
862 1785 1085 1822 relativum
1117 1795 1362 1833 pronomen,
1393 1783 1505 1832 quod
1535 1786 1650 1827 extat
1679 1786 1777 1820 ante
1807 1786 1845 1819 te
1866 1793 1978 1829 cum,
2003 1782 2053 1829 ei,
2083 1781 2136 1819 de
2157 1792 2241 1830 quo
2271 1782 2419 1831 agitur,
2440 1781 2679 1822 simillimus

328 1850 404 1885 est.
462 1846 567 1893 Quid
598 1849 751 1897 igitur?
782 1849 891 1888 Num
921 1853 1119 1898 putemus
1149 1848 1228 1887 hoc
1249 1850 1442 1898 exemplo
1463 1849 1690 1887 lectionem
1711 1846 1832 1886 codd.
1854 1846 1922 1885 AV
1944 1858 2053 1896 qaae
2083 1859 2149 1884 τηε
2170 1858 2268 1884 cum
2293 1846 2457 1886 fulciri‘?
2486 1847 2676 1888 Minime!

326 1912 400 1951 Illo
431 1913 543 1951 enim
574 1913 667 1952 loco
698 1914 746 1964 (Ι,
776 1913 885 1964 2,67)
916 1918 1069 1964 poetae
1105 1913 1334 1954 iustissima
1372 1918 1463 1952 erat
1500 1925 1639 1961 causa,
1678 1924 1751 1952 cur
1780 1923 1804 1950 a
1842 1913 2054 1951 communi
2083 1923 2162 1951 usu
2199 1913 2399 1962 loquendi
2427 1913 2676 1954 discederet.

327 1976 532 2023 Quoniam
562 1979 674 2017 enim
703 1982 794 2017 tota
822 1980 886 2017 vis
916 1984 1044 2029 atque
1073 1981 1257 2029 gravitas
1286 1980 1521 2019 sententiae
1550 1979 1642 2028 ipso
1671 1979 1712 2017 in
1742 1978 1990 2027 pronomine
2019 1981 2058 2015 te
2086 1979 2222 2027 posita
2250 1981 2335 2017 est:

1338 2077 1346 2084 .
1404 2047 1478 2095 qui
1510 2050 1552 2083 te
1582 2057 1678 2083 cum
1703 2047 1842 2094 posset
1872 2043 2026 2081 habere

926 2113 930 2116 ’
977 2109 1182 2148 Maluerit
1205 2110 1439 2160 praedas
1469 2111 1622 2148 stultus
1651 2113 1689 2148 et
1718 2121 1862 2147 arma
1891 2109 2025 2158 sequi.

326 2174 613 2222 oppositionis,
635 2185 744 2223 quae
773 2179 899 2223 extat,
929 2176 1146 2215 acuendae
1176 2187 1304 2215 causa
1323 2187 1474 2215 vocem
1503 2179 1541 2214 te
1571 2179 1695 2225 poeta
1724 2174 1917 2213 consulto
1938 2175 2176 2214 conlocavit
2202 2175 2245 2214 in
2266 2172 2370 2213 arsi.
2417 2174 2508 2214 Hoc
2535 2179 2678 2215 autem

327 2238 432 2286 loco,
462 2239 496 2289 31
526 2249 623 2278 00111
653 2239 774 2278 codd.
800 2240 870 2279 AV
889 2241 1174 2280 scriberemus
1202 2254 1270 2279 τηε
1299 2253 1412 2289 cum,
1443 2240 1550 2280 haec
1571 2240 1873 2279 vocabulorum
1903 2241 2138 2279 conlocatio
2166 2252 2189 2280 a
2214 2241 2379 2290 vulgari
2403 2251 2485 2280 usu
2511 2240 2680 2281 dicendi

326 2302 558 2342 abhorrens
595 2316 678 2343 non
716 2303 904 2355 haberet,
940 2306 1057 2345 unde
1095 2308 1287 2346 excusari
1322 2311 1487 2357 posset3
1516 2307 1646 2345 immo
1674 2316 1789 2354 vero,
1822 2307 2022 2354 quoniam
2048 2307 2303 2356 temporis
2332 2307 2446 2346 notio
2474 2303 2557 2346 hoc
2584 2306 2678 2357 loco

325 2370 542 2417 premitur,
574 2370 675 2408 illud
705 2382 799 2408 cum
831 2372 964 2410 multo
994 2371 1134 2420 aptius
1162 2373 1205 2411 in
1234 2373 1318 2411 arsi
1346 2373 1531 2421 positum
1561 2375 1625 2410 est
1654 2381 1782 2420 quam
1810 2372 1852 2410 in
1880 2369 2004 2410 thesi.
2059 2371 2148 2410 lam
2183 2375 2339 2421 autem,
2378 2382 2431 2410 ne
2467 2372 2534 2411 cui
2561 2371 2680 2412 vide-

325 2437 419 2471 atur
448 2445 682 2483 pronomen
703 2436 924 2475 relativum
947 2436 1204 2475 antecedens
1224 2437 1294 2476 illo
1315 2437 1408 2475 loco
1429 2437 1657 2486 quicquam
1676 2437 1860 2475 valuisse
1889 2436 1941 2474 ad
1959 2436 2264 2476 vocabulorum
2285 2436 2478 2476 ordinem
2497 2447 2679 2487 eamque

325 2498 378 2537 ob
408 2509 579 2538 causam
607 2499 689 2539 hoc
719 2512 888 2551 quoque
919 2503 1014 2541 loco
1042 2502 1315 2542 scribendum
1345 2513 1441 2541 0330
1470 2513 1652 2549 mecum,
1683 2500 1797 2540 hunc
1834 2500 1887 2539 ad
1925 2501 2171 2551 scrupulum
2207 2501 2515 2542 removendum
2543 2501 2679 2542 Ovidii

324 2563 453 2602 affero
484 2566 738 2614 exemplum,
769 2567 882 2616 quod
912 2568 1091 2617 legimus
1121 2569 1249 2617 Epist.
1280 2578 1331 2606 ex
1360 2567 1494 2606 Ponto
1523 2566 1552 2615 Ι,
1581 2566 1669 2615 2,11
1702 2565 1777 2615 qui
1804 2576 1900 2602 cum
1937 2577 2017 2603 me.
2074 2564 2274 2605 Videmus
2301 2566 2428 2616 igitur
2455 2564 2614 2606 codicis
2642 2566 2678 2606 G

323 2630 575 2679 scripturam
605 2632 720 2670 omni
749 2643 801 2670 ex
830 2637 949 2681 parte
978 2633 1280 2672 commendari.

466 2695 599 2744 Nunc,
629 2700 675 2735 ut
704 2696 986 2736 differentiam
1017 2697 1138 2737 codd.
1170 2698 1471 2746 discernamus,
1502 2708 1611 2747 quae
1640 2700 1754 2736 extat

648 2760 697 2808 ΙΙ,
726 2761 819 2809 6,49
849 2761 903 2800 G.
933 2759 1071 2811 Saepe
1099 2761 1174 2800 ubi
1209 2775 1297 2801 ηοω
1327 2762 1594 2813 promissa
1623 2761 1753 2799 mihi
1783 2765 1876 2810 est,
1910 2740 2115 2812 lanquere
2138 2763 2332 2812 puellam

840 2826 912 2864 AV
982 2857 1011 2875 „
1112 2858 1142 2876 ,,
1230 2858 1260 2877 ,,
1321 2828 1451 2866 mihi
1476 2827 1741 2877 promissa
1770 2830 1864 2874 est,
2202 2858 2232 2876 „

321 2889 504 2939 primum
533 2891 722 2930 omnium
750 2891 1177 2932 animadvertendum
1208 2897 1273 2932 est
1309 2893 1488 2932 alteram
1523 2892 1752 2931 verborum
1790 2891 2125 2932 conlocationem
2162 2893 2340 2932 alteram
2375 2891 2546 2932 efficere
2581 2904 2676 2944 spe-

322 2956 430 2994 ciem
458 2956 680 2995 metricam

1026 3011 1061 3050 G
1105 3033 1315 3055 -υυ-
1341 3020 1654 3055 Γ--υυ-Ἶ
1678 3030 2003 3054 -”’-·υυ·-·υ

826 3125 830 3127 ‚
1018 3046 2002 3115 AV-uo—[oo———j—-oo—‚Q

320 3138 409 3178 Iam
447 3141 671 3189 quaeritur,
713 3152 816 3180 num
849 3145 976 3191 poeta
1013 3143 1190 3181 alteram
1227 3143 1347 3182 alteri
1385 3144 1446 3182 eis
1484 3143 1587 3182 locis
1624 3140 1879 3191 praetulerit,
1909 3141 2062 3191 quibus
2095 3147 2318 3192 utramque
2351 3144 2533 3194 potuerit
2560 3141 2676 3184 adhi-

321 3203 436 3243 bere.
498 3205 638 3254 Atque
668 3207 806 3255 priore
835 3209 1015 3247 metrica
1043 3208 1178 3247 forma
1206 3220 1309 3249 usus
1338 3212 1403 3247 est

466 3375 492 3420 ¹)
519 3377 614 3412 Loci
640 3378 755 3413 uncis
782 3378 925 3413 inclusi
951 3378 1008 3413 ita
1033 3380 1129 3414 sunt
1154 3379 1385 3423 comparati,
1413 3383 1456 3415 ut
1482 3383 1602 3425 poeta
1628 3381 1833 3416 inversum
1859 3380 2145 3445 ordinemxnon
2165 3381 2342 3425 potuerit
2365 3381 2567 3419 adhibere.
