2626 3704
1230 196 1494 235 -36,.ὁ

523 323 644 372 Prop.
675 322 739 370 IV,
768 320 859 368 143
967 317 1049 358 Nec
1077 320 1217 357 veniet
1244 320 1337 357 sine
1365 322 1403 358 te
1431 331 1518 357 noae
1546 318 1772 368 viqilanda
1799 318 1922 357 mihi.

568 405 611 419 =
642 387 728 426 Tib.
759 386 788 433 I,
818 384 910 432 2:78
970 415 978 422 .
1039 414 1048 423 .
1111 414 1120 422 .
1183 415 1191 423 .
1251 395 1349 422 cum
1378 384 1480 434 fletu
1508 395 1595 421 nox
1622 382 1850 433 viyilanda
1879 382 2007 420 venit.

522 463 646 512 Prop.
680 462 724 510 V,
753 462 845 509 433
972 459 1108 509 Saepe
1137 460 1216 498 illa
1245 460 1488 498 immeritae
1518 464 1694 498 causata
1724 465 1782 516 est
1811 460 1958 498 omina
1986 457 2156 529 Lunae'

570 554 619 559 -
569 526 736 565 —Tiu
766 525 796 574 Ι,
824 526 862 573 3,
873 525 917 565 17
974 524 1061 563 Aut
1089 536 1160 573 eyo
1190 529 1390 563 causatus
1419 537 1515 563 aves
1545 529 1636 562 aut
1651 526 1798 563 omina
1827 524 1939 563 dira.

521 604 643 652 Prop.
673 603 741 651 ΙΙΙ,
771 602 863 649 228
977 599 1193 650 Quicquid
1222 602 1443 650 iurarunt,
1474 605 1622 639 ventus
1653 607 1688 640 el
1717 613 1778 639 un
1782 602 1839 639 da
1866 601 2021 651 rapit

509 685 559 702 =
589 668 677 707 Tib.
707 668 736 715 Ι,
766 668 924 715 4‚21.22
984 697 1415 706 .......
1481 666 1652 710 Veneris
1677 668 1881 717 peruiria
1908 666 2022 704 venti

969 732 1106 771 Inita
1131 743 1209 782 per
1238 735 1374 771 terras
1405 736 1444 770 et
1471 732 1585 782 freta
1614 744 1783 770 summa
1810 734 1969 782 ferunt.

522 810 645 859 Prop.
675 810 743 857 ΙΙΙ,
774 810 865 857 7,15
961 807 1076 857 Erqo
1106 806 1355 845 muneribus
1386 810 1525 858 quivis
1555 815 1770 846 mercatur
1800 809 2023 847 amorem?

802 875 858 913 45
967 873 1084 911 Haec
1115 873 1285 911 videam
1314 865 1494 923 rapidas
1523 874 1570 912 in
1601 885 1762 912 vanum
1790 874 1904 924 ferre
1928 874 2149 924 procellas,

804 940 862 992 46-
970 936 1088 984 Quae
1117 937 1193 975 tibi
1223 940 1352 983 terra,
1384 939 1528 987 velim,
1561 951 1670 989 quae
1700 939 1776 976 tibi
1804 939 1881 990 fiat
1909 951 2035 989 aqua.

564 1020 615 1036 =
645 1004 732 1043 Tib.
763 1003 792 1051 Ι,
822 1003 908 1043 9.Ἰ1
970 1003 1220 1041 Muneribus
1250 1015 1369 1041 meus
1399 1009 1457 1041 est
1485 1008 1632 1057 captus
1660 1015 1782 1054 puer.
1812 1006 1857 1042 at
1884 1004 1986 1042 deus
2017 1004 2094 1043 illa

860 1069 912 1108 12
968 1067 1021 1107 In
1051 1070 1238 1106 cinerem
1268 1073 1306 1106 et
1335 1068 1525 1118 liquidas
1553 1080 1736 1107 munera
1767 1072 1903 1107 vertat
1931 1080 2078 1119 aquas.

522 1147 646 1196 Prop.
676 1146 743 1195 ΙΙΙ,
774 1146 891 1195 18,15
976 1177 1270 1186 .....
1329 1147 1483 1184 teritur
1511 1145 1703 1195 robiqine
1733 1158 1878 1184 mucro

864 1211 916 1250 16
970 1210 1151 1249 Ferreus
1180 1215 1219 1249 et
1242 1223 1378 1261 parvo
1407 1223 1531 1262 saepe
1561 1211 1725 1261 liquore
1753 1212 1873 1250 silex.

662 1306 692 1325 „
753 1276 798 1324 V,
828 1276 922 1324 5520
975 1275 1270 1326 Saaeosamque
1298 1280 1407 1314 terat
1434 1277 1585 1315 sedula
1613 1275 1784 1326 culpa1)
1814 1277 1944 1316 viam.

575 1357 627 1375 =
656 1342 744 1381 Tib.
773 1342 804 1390 Ι,
832 1340 925 1390 4,18
981 1342 1128 1391 Lonqa
1158 1341 1247 1379 dies
1278 1342 1396 1380 molli
1426 1354 1532 1380 saxa
1560 1341 1728 1392 peredit
1758 1353 1884 1391 aqua.

521 1420 643 1469 Prop.
673 1419 741 1468 ΙΙΙ,
771 1420 887 1467 26,11
975 1418 1061 1458 Nec
1090 1420 1233 1469 forma
1264 1423 1485 1458 aeternum
1486 1448 1820 1458 ......

566 1500 615 1516 =
646 1483 731 1523 Tib.
762 1484 794 1532 I,
825 1484 918 1532 4,36
974 1483 1158 1522 Formae
1186 1497 1272 1522 non
1302 1484 1441 1522 ullam
1469 1485 1564 1534 fata
1593 1483 1745 1522 dedere
1776 1496 1953 1523 moram.

521 1562 643 1610 Prop.
673 1561 860 1608 111,2,17
974 1560 1090 1607 Quid
1119 1561 1197 1599 tibi
1236 1561 1313 1613 (sc.
1352 1559 1515 1611 Amori)
1554 1561 1786 1599 iocundum
1824 1565 1884 1600 est
1916 1560 2035 1599 siccis
2076 1559 2272 1598 habitare
2312 1557 2542 1598 medullis?

816 1628 866 1666 18
966 1627 1015 1666 Si
1041 1627 1185 1677 pudor
1215 1630 1287 1674 est,
1317 1626 1406 1664 alio
1437 1627 1568 1675 traice
1598 1627 1681 1665 tela
1711 1631 1800 1666 tua.

595 1709 644 1724 =
676 1693 763 1731 Tib.
794 1693 823 1740 Ι,
852 1693 917 1741 6,3
977 1691 1092 1738 Quid
1121 1693 1198 1730 tibi
1229 1692 1432 1730 saevitiae
1461 1703 1628 1729 mecum
1658 1691 1749 1729 est?
1781 1703 1838 1729 an
1868 1691 2008 1740 yloria
2038 1701 2200 1740 maqna
2229 1691 2289 1728 est

895 1759 922 1797 4
977 1758 1167 1795 Insidias
1197 1757 1367 1795 homini
1397 1756 1679 1806 composuisse
1709 1756 1865 1794 deum‘?

183 1834 267 1874 Sed
297 1833 403 1873 haec
433 1834 654 1874 sufficiant.
714 1835 826 1874 Haec
856 1835 997 1874 omnia
1016 1835 1052 1874 si
1073 1835 1397 1885 perlustraveris
1427 1834 1633 1883 exempla,
1658 1833 1850 1872 invenies
1873 1843 2024 1871 omnes
2043 1832 2299 1871 imitationes
2319 1841 2373 1871 ex
2391 1829 2543 1872 Tibulli

184 1900 288 1938 libro
318 1900 451 1950 primo
490 1900 736 1950 desumptas
774 1911 888 1948 esse,
926 1900 1090 1938 nullum
1126 1910 1178 1938 ex
1214 1899 1415 1939 secundo.
1481 1897 1621 1937 Unum
1664 1902 1825 1937 tamen·
1847 1897 2175 1947 Propertianum
2211 1895 2453 1947 exemplum
2489 1896 2543 1965 ad

185 1964 336 2003 Tibulli
365 1965 460 2003 libri
489 1964 667 2003 secundi
698 1964 838 2003 locum
868 1964 1082 2013 quendam
1110 1964 1279 2004 videtur
1307 1963 1591 2003 imeferendum
1650 1963 1849 2012 Legimus
1878 1962 1992 2000 enim

597 2042 718 2090 Plop.
750 2041 794 2089 V,
823 2042 916 2089 5,17
981 2071 1606 2082 ..........
1674 2044 1712 2077 et
1741 2040 1789 2077 in
1819 2051 1885 2077 me

854 2106 905 2146 18
961 2095 1270 2159 Hippomarg‘ff
1286 2107 1398 2157 fetae
1426 2107 1595 2144 semina
1624 2106 1722 2155 leyit
1750 2116 1893 2154 equae.

615 2172 702 2210 Tib.
732 2171 781 2219 11,
810 2172 902 2219 4‚57
958 2170 1015 2209 Et
1044 2171 1155 2221 quod
1212 2202 1487 2211 .....

853 2237 906 2277 58
961 2236 1257 2287 Hippomanes
1286 2236 1470 2286 cupidae
1498 2235 1631 2274 stillat
1659 2235 1710 2273 ab
1741 2234 1919 2285 inquine
1948 2246 2092 2285 equae.

728 2351 733 2355 ἱ
854 2303 906 2342 60
962 2301 1082 2341 Mille
1111 2303 1220 2340 alias
1250 2301 1399 2340 herbas
1429 2302 1603 2339 misceat
1632 2301 1726 2347 illa,
1759 2300 1913 2339 bibam.

186 2368 259 2407 His
288 2371 432 2407 autem
460 2369 564 2407 locis
591 2372 770 2418 uterque
799 2371 925 2418 poeta
954 2357 1180 2417 Vergilium
1208 2367 1395 2406 imitatus
1424 2370 1501 2415 est,
1531 2366 1645 2416 apud
1681 2378 1809 2416 quem
1845 2367 2023 2416 legimus
2061 2366 2212 2415 Georg.
2241 2365 2310 2415 ΙΙΙ,
2337 2364 2419 2406 280
2445 2374 2542 2415 sqq.

926 2431 1052 2470 Hic
1081 2431 1254 2470 demum
1314 2461 1596 2471 .....

1171 2527 1180 2536 .
1241 2497 1403 2534 lentum
1433 2496 1679 2535 destillat
1707 2497 1765 2535 ab
1794 2497 2014 2545 inquine
2041 2494 2160 2534 virus

965 2562 1355 2613 Hippomanes,
1386 2562 1500 2613 quod
1527 2573 1651 2612 saepe
1678 2562 1820 2600 malae
1849 2562 2015 2611 leyere
2043 2573 2263 2610 novercae,

636 2660 640 2663 .
969 2627 1404 2678 Miscueruntque
1434 2626 1621 2665 herbas
1678 2656 1954 2666 .....

182 2692 329 2741 Itaque
358 2703 456 2731 cum
486 2693 692 2732 Kuttnero
722 2704 805 2731 non
836 2693 1079 2732 consentire
1107 2703 1193 2731 non
1212 2703 1388 2742 possum
1417 2689 1739 2742 contendenti2)
1766 2692 2034 2741 Propertium
2052 2693 2192 2731 solum
2211 2691 2362 2753 Tibulli
2388 2690 2544 2731 librum

183 2757 366 2805 primum
394 2758 604 2797 imitatum
634 2769 741 2796 esse.
800 2758 906 2796 Huic
935 2757 971 2796 si
998 2756 1042 2795 id
1078 2755 1389 2805 addiderimus,
1419 2756 1533 2806 quod
1572 2756 1837 2796 Klemannus
1873 2757 2194 2807 demonstravit,
2207 2755 2243 2809 3)
2279 2755 2540 2808 Lygdamum

183 2832 352 2872 quoque
380 2823 519 2862 solum
549 2823 699 2862 Tibulli
727 2822 881 2862 librum
909 2822 1092 2872 primum
1119 2821 1330 2861 imitatum
1359 2832 1472 2870 esse,
1502 2820 1566 2859 his
1596 2820 1759 2861 duabus
1788 2833 1838 2860 ex
1868 2822 1997 2861 rebus
2026 2834 2112 2862 non
2139 2823 2231 2862 sine
2259 2822 2399 2872 aliqua
2434 2822 2542 2860 veri-

183 2885 465 2925 similitudinis
494 2888 635 2937 specie
667 2888 864 2937 colligere
898 2887 1131 2937 poterimus
1168 2885 1234 2925 his
1271 2887 1407 2936 poetis
1443 2886 1595 2925 Tibulli
1623 2887 1779 2926 librum
1815 2888 2055 2926 secundum
2093 2898 2180 2926 non
2214 2890 2363 2926 notum
2397 2886 2543 2926 fuisse.

184 2951 302 2997 Quod
330 2953 365 2991 si
394 2954 450 2991 ita
478 2957 555 3001 est,
577 2950 790 3002 Gruppii4)
811 2952 1022 2990 sententia
1042 2951 1111 2990 vel
1140 2953 1324 2998 maxime
1353 2951 1687 3000 commendatur,
1718 2953 1789 3001 qui
1810 2952 2011 3001 gravibus
2042 2952 2334 2991 demonstrare
2365 2956 2543 2991 conatus

183 3021 247 3056 est
275 3018 536 3067 argumentis
565 3019 758 3057 librum
795 3017 1076 3057 secundum
1105 3028 1129 3055 a
1158 3017 1364 3056 Tibullo
1393 3020 1531 3056 morte
1557 3016 1732 3067 abrepto
1769 3017 2113 3067 imperfectum
2140 3017 2385 3056 relictum
2413 3027 2543 3056 esse.

329 3167 356 3211 ¹)
382 3165 558 3211 lympha:
586 3165 702 3201 Italis
768 3170 771 3176 ἶ
838 3170 845 3177 ”
1614 3217 1617 3221 Δ

328 3227 355 3272 2)
381 3228 438 3262 De
465 3226 659 3271 Propertii
684 3226 909 3262 elocutione
935 3224 1195 3269 quaestiones
1222 3224 1393 3267 (dissert.
1420 3225 1525 3270 Hal.)
1551 3224 1657 3261 thes,
2415 3243 2419 3245 f

326 3285 341 3305 a
1722 3286 1725 3289 .
2373 3288 2376 3290 ,

325 3290 359 3389 ⁴3
381 3284 709 3390 l‚.‚lgiep·rc'?r?1iscbe
735 3343 900 3388 Elegie“
928 3353 965 3388 p.
990 3342 1036 3378 65
1061 3351 1149 3386 sqq.
1190 3342 1406 3387 praecipue
1432 3353 1470 3387 p.
1496 3342 1551 3378 82.
1578 3343 1637 3379 83.
2360 3358 2381 3366 ›·
2426 3348 2430 3353 ’
2453 3312 2490 3358 '⁸⁵
