2644 3796
1651 1034 1690 1071 Si
1714 1035 1810 1079 quid
1834 1036 1978 1072 novisti
2005 1038 2151 1074 rectius
2176 1039 2281 1084 istis,

1286 1092 1484 1129 Candidus
1507 1093 1683 1140 imperti;
1709 1095 1746 1130 si
1770 1104 1869 1140 non,
1893 1095 1956 1132 his
1981 1100 2097 1133 utere
2120 1107 2288 1135 mecum.

1838 1190 1966 1226 Horat„
1993 1191 2113 1236 Epist.
2139 1191 2167 1237 Ι,
2190 1192 2285 1237 6,67.

178 1423 383 1487 ”Tibulli
412 1447 615 1487 librorum
647 1459 749 1488 mss.
785 1459 838 1487 ex
864 1448 959 1489 rudi
994 1448 1287 1499 indigestaque
1328 1450 1440 1489 mole
1482 1450 1701 1489 Carolus
1746 1448 2127 1499 Lachmannus,
2167 1461 2273 1490 cum·
2303 1462 2413 1491 anno

74 1510 117 1552 h.
136 1522 174 1552 s.
191 1512 328 1552 XXIX
346 1512 589 1552 triumviros
608 1513 702 1552 illos
721 1513 869 1552 ederet
886 1513 1095 1564 elegiacos
1113 1515 1340 1563 Romanos,
1357 1518 1458 1563 tres,
1478 1515 1514 1554 si
1533 1516 1826 1554 auctoritatem
1845 1519 2101 1565 spectamus,
2120 1517 2155 1556 si
2173 1527 2411 1566 numerum,

74 1578 263 1632 quinque
289 1578 440 1628 selegit
472 1578 655 1625 codiceS,
692 1579 764 1628 qui
791 1579 834 1616 in
873 1578 946 1617 tali
980 1578 1227 1619 condicione
1260 1578 1453 1619 fidissimi
1488 1580 1527 1619 ei
1558 1579 1811 1619 videbantur
1845 1584 1887 1618 et
1921 1579 1974 1618 ab
2014 1581 2406 1631 interpolationibus

72 1645 259 1685 maxime
285 1643 427 1683 liberi:
458 1642 782 1691 Eboracensem‚
802 1643 1049 1692 Parisinum,
1076 1644 1203 1683 tertio
1230 1644 1415 1694 denique
1443 1645 1536 1684 loco
1562 1649 1663 1694 tres,
1681 1651 1888 1695 quatenus
1913 1646 2249 1695 consentiebant,
2278 1657 2411 1686 mem-

73 1709 249 1749 branas.
281 1709 542 1756 Wittianam‚
570 1708 801 1755 Datianam,
830 1708 1132 1748 Askewianam.
1187 1710 1412 1749 Praeterea
1448 1709 1637 1749 adhibuit
1668 1710 1951 1760 fragmentum
1985 1710 2087 1749 illud
2115 1715 2407 1760 pervetustum

76 1778 123 1814 et
150 1774 570 1822 emendatissimum,
606 1773 719 1823 quod
755 1774 1026 1813 Cuiacianum
1061 1774 1224 1823 dicitur,
1262 1778 1460 1825 excerpta
1494 1775 1699 1815 Vincentii
1736 1777 2062 1825 Bellovacensis,
2090 1777 2232 1816 Puccii
2268 1788 2411 1817 emen-

77 1840 269 1880 dationes
309 1839 363 1878 ad
399 1839 628 1879 editionem
662 1839 917 1888 Regiensem
946 1839 1194 1890 adscriptas3
1236 1842 1444 1890 excerptis
1486 1844 1627 1880 autem
1663 1841 2013 1890 Frisingensibus,
2054 1842 2107 1880 ad
2149 1852 2259 1891 quae
2286 1846 2412 1882 antea

75 1906 211 1946 semel
244 1917 271 1944 a
288 1905 391 1945 Jano
411 1904 635 1944 Gebhardo
655 1909 985 1944 commemorata
1012 1905 1173 1954 primus
1200 1904 1389 1943 animum
1416 1905 1665 1953 intenderat,
1694 1916 1818 1944 casus
1837 1905 2009 1955 quidam
2028 1917 2128 1945 eum
2147 1905 2407 1957 fraudavit.¹)

74 1971 166 2011 Hoc
191 1971 318 2021 igitur
344 1981 369 2009 a
396 1968 666 2009 Lachmanno
702 1969 839 2019 posito
873 1968 1147 2008 fundamento
1175 1968 1354 2018 posthac
1389 1969 1537 2012 Tibulli
1574 1972 1808 2010 carminum
1843 1972 2040 2010 tractatio
2078 1971 2300 2019 nitebatur,
2329 1972 2410 2011 nisi

75 2036 189 2088 quod
229 2036 493 2075 Lucianus
532 2035 812 2074 Muellerus
851 2036 1033 2084 primum
1073 2035 1116 2072 in
1157 2034 1414 2073 Fleckeiseni
1450 2035 1669 2073 annalibus
1704 2034 1846 2084 philol.
1876 2047 1912 2074 a.
1941 2036 2058 2085 1869,
2087 2047 2207 2086 pagg.
2235 2037 2408 2086 63-67‚

73 2106 164 2142 tum
197 2101 242 2141 in
268 2101 452 2140 editione
481 2111 558 2139 sua
586 2111 621 2139 a.
650 2100 756 2139 1876
782 2100 938 2139 emissa
964 2104 1010 2139 ut
1037 2100 1544 2149 excerptaFrisingensia
1572 2099 1716 2149 (saecl.
1746 2098 1835 2150 IX),
1865 2111 1973 2150 quae
2001 2101 2044 2139 in
2072 2112 2198 2140 usum
2226 2103 2406 2150 vocavit,

73 2166 230 2206 summi
257 2165 312 2204 ad
330 2166 481 2205 Tibulli
509 2169 670 2204 textum
698 2164 1004 2204 restituendum
1032 2176 1127 2204 esse
1154 2166 1291 2214 pretii,
1321 2165 1380 2204 ita
1409 2166 1499 2204 aliis
1526 2166 1748 2214 excerptiS,
1775 2166 1891 2205 velut
1917 2167 2114 2206 Parisinis
2142 2172 2184 2206 et
2203 2167 2408 2207 Vincentii

70 2230 384 2272 Bellovacensis
394 2228 430 2280 2)
469 2234 672 2280 tanquam
719 2229 1109 2279 interpolationibus
1158 2229 1377 2279 insigniter
1417 2230 1661 2269 deformatis
1700 2231 1858 2279 optime
1910 2231 2103 2280 exposuit
2140 2233 2296 2271 nullam
2330 2243 2409 2282 per

72 2306 122 2336 se
154 2296 421 2336 tribuendam
465 2306 560 2334 esse
601 2295 730 2334 fidem
770 2298 897 2344 atque
934 2296 1236 2334 auctoritatem.
1310 2295 1400 2352 Iam
1442 2299 1584 2334 autem
1629 2296 1848 2335 Aemilio
1896 2295 2238 2345 Baehrensio‚
2274 2308 2405 2347 quan-

70 2361 229 2405 tumvis
262 2359 556 2400 Lachmannus
592 2361 646 2399 de
680 2359 925 2399 melioribus
959 2359 1075 2399 libris
1108 2360 1242 2410 plenis
1278 2360 1546 2409 desperasset
1579 2359 1894 2412 inveniendis,3)
1929 2373 2051 2400 nova·
2073 2363 2260 2401 nancisci
2297 2373 2396 2402 con·

69 2425 164 2476 tigit
189 2424 389 2473 subsidia,
408 2435 587 2474 quorum
605 2427 829 2474 postquam
846 2425 932 2464 iam
959 2425 1002 2463 in
1020 2425 1174 2473 libello,
1203 2435 1331 2474 quem
1349 2425 1570 2474 inscripsit
1598 2425 1926 2465 Tibullische
1945 2427 2148 2466 Blatter
2163 2418 2204 2476 p.
2224 2427 2278 2466 60
2295 2437 2410 2484 sqq.‚

70 2491 258 2530 virorum
305 2489 526 2529 doctorum
566 2488 761 2529 excitavit
808 2491 1182 2540 exspectationem,
1224 2489 1387 2529 duobus
1435 2491 1555 2529 annis
1597 2495 1691 2540 post
1731 2490 1786 2542 (a.
1828 2491 1951 2541 1878)
2006 2492 2233 2531 editionem
2279 2503 2400 2532 suam

69 2555 114 2595 in
139 2556 282 2595 lucem
309 2555 482 2604 protulit
507 2559 675 2605 praeter
707 2554 1054 2605 fragmentum
1082 2554 1410 2594 Cuiacianum
1438 2553 1533 2605 (Ε),
1563 2559 1812 2605 excerpta
1838 2555 2195 2606 Frisingensia
2223 2555 2405 2607 (Fris),

23 2640 26 2651 ι
70 2624 323 2670 excerpta
347 2620 581 2659 Parisina
608 2620 764 2670 (Pan),
791 2619 911 2660 hisce
936 2620 1110 2669 integris
1139 2618 1354 2658 codicibus
1382 2623 1732 2669 superstructam:

208 2684 621 2736 Guelferbytano
649 2684 716 2736 (G,
750 2686 875 2725 saecl.
912 2684 1034 2735 XV.),
1068 2684 1408 2723 Ambrosiano
1445 2684 1511 2735 (A,
1545 2685 1674 2724 saecl.·
1711 2684 1853 2735 XIV.),
1890 2685 2139 2725 Vaticano
2168 2686 2232 2736 (V,
2268 2686 2404 2731 33331,

66 2752 171 2792 XIV.
199 2753 266 2791 vel
295 2750 402 2800 XV.)

210 2816 343 2864 Nunc,
391 2815 492 2865 quid
540 2815 842 2865 profecerimus
890 2813 1201 2854 Baehrensiana
1250 2814 1443 2862 editione,
1493 2815 1638 2863 paucis
1680 2815 2051 2864 comprehendam.
2111 2816 2173 2854 Ac
2218 2816 2400 2865 primum

67 2881 251 2931 quidem,
286 2891 542 2930 quamquam
570 2890 624 2918 ne
650 2878 730 2918 hos
758 2879 929 2929 quidem
957 2879 1126 2918 codices
1154 2878 1519 2928 interpolationum
1548 2884 1741 2929 expertes
1770 2891 1864 2919 esse
1891 2880 2062 2919 abunde
2099 2880 2274 2930 adparet
2301 2891 2399 2920 con-

283 3075 295 3094 1

282 3078 311 3180 ’ζ
333 3075 632 3176 {fuigflzlefibgs
646 3073 759 3177 6plus
783 3142 912 3177 aequo
947 3132 1137 3168 tribuisse
1162 3133 1215 3168 Ri
1225 3143 1248 3169 c
1255 3133 1283 3169 h
1291 3137 1306 3168 t
1314 3143 1337 3169 e
1345 3144 1365 3169 r
1372 3144 1441 3169 um
1486 3132 1764 3169 dissertatione
1801 3134 1827 3169 d
1836 3143 1859 3169 e
1895 3133 1982 3169 Vin
1990 3143 2013 3170 c
2022 3143 2044 3169 e
2053 3143 2078 3168 n
2087 3134 2141 3170 tii
2179 3134 2207 3168 B
2214 3134 2312 3171 ello
2321 3144 2396 3169 va-

66 3193 229 3230 oensis
252 3194 499 3239 excerptis
522 3192 813 3228 Tibullianis
841 3202 876 3228 a.
900 3192 994 3228 1865
1018 3191 1178 3228 Bonnae
1203 3193 1311 3229 edita
1336 3197 1378 3229 et
1409 3193 1691 3228 Protzenum
1708 3192 1989 3228 dissertatione
2007 3192 2386 3237 Gryphiswaldiensi

66 3252 124 3289 de
149 3253 391 3309 excerptis
415 3251 703 3287 Tibullianis
734 3260 769 3286 a.
807 3250 901 3286 1869
929 3252 1147 3296 publicata,
1183 3255 1395 3296 postquam
1430 3253 1469 3286 in
1494 3252 1721 3286 universum
1760 3252 1860 3286 bene
1891 3251 2117 3295 explanavit
2153 3251 2377 3297 Muellerus,

67 3310 236 3356 singulis
259 3311 457 3347 nonnullis
481 3310 675 3354 exemplis
701 3309 798 3344 infra
822 3309 1085 3345 illustrabitur
1109 3310 1156 3345 cf.
1182 3320 1219 3354 p.
1244 3309 1291 3344 32
1317 3310 1393 3346 sub
1418 3319 1589 3345 numero
1616 3309 1646 3346 I.

285 3369 315 3414 ⁸)
339 3370 386 3405 cf.
411 3370 561 3414 proleg.
588 3379 625 3414 p.
650 3369 684 3404 6.
