2736 3788
128 713 157 757 1,
181 713 245 759 1‚5

44 2616 47 2626 2
79 2595 207 2644 1,1,71

77 2787 104 2836 1,
130 2789 205 2836 8,51

1381 236 1619 276 —6....

533 361 660 413 Lygd.
689 360 766 408 3,5.
823 359 910 399 Aut
939 363 985 398 ut
1014 360 1178 398 multa
1207 360 1292 398 mei
1321 365 1578 404 renovarent
1605 362 1792 413 iuqera
1818 363 1952 402 tauri.

463 426 623 467 Deinde
655 425 861 464 habemus
903 424 1029 465 huius
1062 425 1143 465 loci
1170 426 1436 465 manifestam
1465 427 1884 478 imitationemxapud
1913 427 2109 468 Ovidium
2137 429 2249 469 Fastz
2276 421 2395 479 35192

1459 511 1498 543 et
1527 517 1618 543 oves
1643 506 1813 556 pavisse
1839 505 2013 545 nocebat

1044 567 1073 606 J
1082 581 1111 606 u
1124 581 1148 619 9
1163 581 1183 607 e
1193 582 1215 607 r
1226 582 1251 608 a
1261 582 1340 620 que
1368 571 1522 609 inculti
1546 583 1578 621 p
1589 583 1615 609 a
1627 583 1655 609 u
1666 583 1685 609 c
1696 583 1722 609 a
1751 575 1892 610 tenere
1919 572 2010 611 soli.

462 646 592 696 Magis
621 647 783 686 incerta
810 647 1016 686 fluctuant
1043 648 1319 698 interpretum
1346 649 1500 690 iudicia
1511 649 1544 698 1)
1574 649 1626 688 de
1655 650 1786 689 altero
1816 652 1909 690 loco

876 724 906 773 Ι,
935 724 1001 774 1,5
1030 725 1065 764 G
1120 725 1187 764 Me
1216 738 1312 764 mea
1334 731 1572 776 paupertas
1601 727 1711 764 vita
1739 727 1938 766 traducat
1967 728 2097 766 inerti

1029 790 1099 829 AV
1129 822 1157 839 υ
1241 822 1269 839 75
1418 822 1447 840 77
1599 793 1749 830 vitae
2028 824 2056 842 υ

315 852 453 902 Atque
505 853 689 892 alienum
738 858 804 893 est
845 854 926 894 hoc
979 856 1069 895 loco
1118 868 1267 896 omnes
1317 868 1568 897 enumerare
1619 863 1660 897 et
1708 859 1973 898 coniecturas
2022 859 2155 898 factas
2204 863 2246 899 et
2291 870 2364 899 eas
2412 859 2660 909 interpreta-

312 918 464 965 tiones,
495 929 603 967 quae
631 919 844 968 pertinent
873 920 922 958 ad
954 921 1207 970 scripturam
1237 923 1361 962 vitae.
1409 923 1538 962 Nobis
1574 924 1699 972 enim,
1737 924 1889 973 quibus
1924 924 2295 973 proficiscendum'
2315 929 2380 964 est
2405 935 2429 963 a
2447 923 2656 974 scriptura

313 984 400 1022 vita
421 984 632 1034 excerptis
652 984 755 1024 Fris.
787 985 1046 1035 confirmata,
1075 988 1257 1036 primum
1287 990 1475 1028 omnium
1503 989 1733 1029 videndum
1763 993 1839 1037 est,
1869 988 1974 1028 haec
2001 1001 2104 1029 num
2123 995 2269 1040 aptum
2299 990 2452 1030 efficiat
2479 999 2655 1029 sensum

311 1050 451 1098 Atque
480 1050 796 1088 coniunctivum
825 1049 1026 1088 traducat
1055 1066 1139 1093 non
1160 1056 1398 1103 exprimere
1427 1056 1654 1104 optionem,
1683 1058 1730 1093 ut
1747 1055 1894 1093 volunt
1923 1054 2124 1104 nonnulli,
2153 1054 2231 1094 sed
2250 1053 2509 1104 concessive,
2537 1053 2652 1104 quod

311 1121 427 1159 aiunt
454 1121 732 1170 grammatici,
761 1121 841 1159 hoc
870 1122 962 1160 loco
991 1120 1225 1160 adhibitum
1255 1131 1350 1159 esse
1386 1131 1460 1170 pro
1491 1120 1586 1158 lieet
1614 1119 1828 1169 traducat,
1858 1120 2034 1170 adparet
2061 1130 2114 1158 ex
2131 1131 2239 1158 voce
2266 1120 2504 1173 insequenti
2532 1119 2658 1167 dum

313 1186 461 1224 luceat.
519 1186 690 1235 Deinde,
720 1187 944 1236 quominus
974 1186 1202 1225 ablativum
1231 1186 1321 1223 vita
1350 1186 1481 1222 inerti
1519 1187 1775 1235 accipiamus
1810 1197 1885 1236 pro
1918 1198 1997 1235 per
2031 1187 2182 1235 vitam,
2222 1190 2267 1225 ut
2301 1185 2558 1226 Goerenzius
2586 1193 2657 1226 ex-

310 1251 448 1300 plicat,
486 1252 624 1291 obstat
661 1253 799 1300 ipsum
844 1263 977 1302 genus
1015 1251 1195 1299 dicendi,
1238 1251 1352 1300 quod
1387 1251 1589 1300 exemplis
1628 1251 1889 1301 comprobari
1917 1253 2074 1301 nequit.
2130 1252 2277 1291 Restat
2311 1252 2435 1301 igitur
2462 1251 2654 1300 Fruterii,

312 1329 439 1367 quem
462 1317 695 1356 Gronovius
709 1315 743 1367 2)
763 1322 935 1357 secutus
965 1323 1042 1365 est,
1062 1318 1352 1367 interpretatio
1373 1322 1414 1357 et
1443 1317 1662 1368 aptissima
1689 1321 1732 1356 et
1760 1318 1999 1356 verissima:
2029 1321 2227 1367 „propter
2244 1320 2535 1367 paupertatem
2553 1316 2652 1356 licet

310 1383 513 1422 infament
542 1394 611 1422 me
640 1381 834 1423 homines
864 1388 906 1423 et
934 1394 1011 1433 per
1046 1394 1119 1422 ora
1146 1383 1345 1422 traducar
1371 1387 1573 1432 tanquam
1607 1383 1744 1432 piger,
1772 1384 1906 1429 iners,
1936 1381 2036 1421 nihil
2075 1392 2189 1430 curo,
2219 1382 2321 1421 dum
2349 1381 2517 1421 assiduo
2552 1382 2648 1432 igne

308 1449 426 1488 focus
455 1449 557 1487 mihi
588 1447 766 1488 luceatf‘
821 1449 936 1496 Quae
965 1450 1186 1500 explicatio
1216 1459 1473 1498 quamquam
1502 1449 1603 1498 ipsis
1623 1453 1775 1498 poetae
1794 1448 1935 1487 verbis
1955 1459 2040 1487 non
2059 1449 2161 1487 satis
2181 1447 2456 1487 accomodata
2483 1448 2655 1488 eviden-

307 1515 470 1554 tissime
499 1515 730 1553 illustratur
758 1515 950 1554 eiusdem
979 1515 1177 1554 carminis
1207 1525 1272 1553 VV.
1302 1515 1353 1554 57
1383 1518 1425 1553 et
1451 1514 1524 1554 58:

876 1591 974 1629 Non
1003 1604 1075 1642 eqo
1107 1591 1282 1629 laudari
1313 1603 1430 1639 curo,
1461 1603 1557 1629 mea
1587 1591 1737 1629 Delia:
1768 1595 1905 1628 tecum

877 1657 1006 1695 Dum
1036 1657 1182 1695 modo
1212 1658 1308 1706 sim,
1341 1670 1510 1708 quaeso,
1543 1658 1718 1708 scynis
1749 1658 1996 1706 inersque
2024 1667 2188 1695 vocer.

446 1735 582 1775 Verba
611 1738 754 1774 autem
783 1735 872 1772 vita
901 1735 1031 1773 inerti
1059 1746 1135 1785 pro
1165 1734 1345 1774 ablativo
1374 1735 1530 1774 causali
1559 1735 1804 1785 accipienda
1840 1738 1938 1773 sunt
1974 1733 2026 1772 ad
2054 1743 2206 1772 vocem
2230 1736 2468 1783 paupertas
2494 1733 2652 1784 pariter

305 1804 433 1851 atque
461 1801 513 1840 ad
551 1801 752 1839 traducat
786 1800 1018 1849 referenda,
1048 1800 1105 1839 ita
1141 1804 1186 1839 ut
1214 1799 1282 1839 hic
1320 1801 1471 1840 evadat
1500 1812 1670 1840 sensus:
1709 1800 1826 1848 Quia,
1863 1811 1960 1838 cum
1995 1799 2064 1838 alii
2099 1798 2269 1838 assiduo
2302 1798 2445 1838 labore
2481 1798 2647 1838 divitias

303 1877 454 1916 parare
482 1866 694 1915 studeant,
723 1877 819 1906 mea
846 1867 932 1905 vita
959 1867 1071 1905 iners
1100 1870 1175 1915 est,
1205 1877 1299 1905 eam
1329 1865 1382 1904 ob
1413 1877 1582 1905 causam
1611 1877 1772 1916 pauper
1799 1877 1894 1906 sum
1923 1869 1964 1905 et
1991 1877 2068 1916 per
2096 1876 2167 1904 ora
2194 1865 2393 1904 traducor
2419 1863 2654 1914 hominum,

303 1932 378 1972 sed
415 1933 471 1971 nil
508 1943 621 1981 curo,
665 1932 765 1971 dum
805 1931 930 1970 modo
974 1943 1008 1970 e.
1046 1942 1085 1981 q.
1121 1943 1153 1970 s.
1223 1930 1461 1969 Traducere
1500 1936 1643 1971 autem
1682 1932 1795 1971 idem
1832 1931 2067 1982 significare
2101 1942 2228 1981 posse
2265 1929 2377 1981 quod
2414 1929 2650 1980 infamare,

304 1999 485 2037 ostentui
513 1999 577 2037 vel
607 1998 770 2036 derisui
800 2009 1009 2047 eaeponere
1038 1998 1161 2048 quasi
1188 2010 1266 2048 per
1295 2010 1371 2036 ora
1400 1998 1626 2036 hominum
1656 1998 1809 2036 ducere
1837 1997 1954 2038 hisce
1983 1997 2285 2036 conroboretur
2311 1995 2534 2047 exemplis:

445 2065 632 2114 Propert.
663 2064 731 2112 ΙΙΙ,
759 2063 851 2112 16,7
864 2061 897 2114 3)
935 2062 1021 2102 Nec
1050 2063 1109 2101 sic
1143 2075 1222 2113 per
1256 2066 1389 2101 totam
1427 2064 1609 2113 infamis
1638 2063 1885 2102 traducerer
1913 2062 2073 2102 urbem.

445 2130 606 2169 Martial
634 2129 698 2177 VI,
729 2129 831 2177 77,5.
888 2129 1075 2178 Rideris,
1108 2129 1324 2178 multoque
1354 2129 1493 2180 mayis
1523 2128 1780 2178 traduceris,
1812 2128 1930 2178 Afer.

443 2195 528 2234 Liv.
559 2194 607 2243 II,
635 2194 707 2233 38:
738 2198 897 2232 vestras
927 2195 1141 2244 coniuqes,
1174 2199 1329 2232 vestros
1361 2194 1512 2232 liberos
1540 2194 1756 2232 traductos
1786 2206 1862 2244 per
1891 2206 1967 2232 ora
1997 2193 2220 2232 hominum
2256 2223 2265 2233 .
2299 2224 2307 2232 .
2337 2223 2347 2232 .

443 2261 608 2299 Petron.
639 2259 722 2299 Sat.
753 2260 804 2299 87
834 2259 916 2310 (ed.
947 2259 1183 2299 Buecheler
1211 2271 1249 2309 p.
1279 2260 1361 2309 56).
1419 2259 1667 2309 Despectam
1705 2272 1747 2298 se
1776 2264 1815 2298 et
1850 2259 2042 2297 derisum
2073 2263 2111 2297 et
2141 2258 2387 2296 traductum
2423 2249 2536 2296 {nter
2573 2257 2646 2295 di-

282 2326 483 2376 scipulos
506 2357 514 2365 .
535 2357 542 2365 .
565 2357 572 2365 .
593 2325 689 2364 ibid.
723 2326 771 2365 17
802 2325 860 2376 (p.
892 2325 962 2374 12)
987 2329 1084 2375 peto
1114 2330 1151 2363 et
1181 2338 1252 2376 oro
1283 2338 1335 2363 ne
1357 2358 1364 2365 .
1386 2358 1394 2365 .
1416 2326 1601 2375 ‚faciatis
1629 2338 1731 2364 ‘neve
1751 2325 1976 2363 traducere
1994 2325 2132 2363 velitis
2151 2327 2211 2363 tot
2230 2334 2447 2362 annorum
2466 2326 2638 2362 secreta.

300 2393 432 2432 Recte
459 2393 584 2442 igitur
613 2391 839 2430 Muellerus
869 2395 910 2430 et
940 2390 1219 2430 Baehrensius
1249 2392 1337 2429 vita
1366 2392 1407 2430 in
1435 2395 1598 2430 textum
1628 2395 1892 2441 receperunt.

443 2457 503 2496 De
531 2458 633 2496 locis
662 2468 776 2506 vero,
807 2457 877 2507 qui
906 2461 1079 2505 restant,
1108 2457 1181 2496 ubi
1210 2461 1376 2506 apertas
1405 2457 1526 2496 codd.
1554 2457 1624 2496 AV
1656 2455 1854 2496 exhibent
1889 2456 2166 2506 corruptelas:
2197 2455 2346 2493 iuncta
2374 2465 2450 2505 pro
2478 2453 2637 2501 vincta,

300 2523 455 2560 semita
483 2534 559 2572 pro
588 2522 776 2568 sontica,
799 2521 980 2572 bipsatos
1009 2534 1085 2572 pro
1116 2523 1318 2573 qipsatos,
1351 2523 1419 2560 hic
1456 2527 1531 2561 aut
1559 2523 1635 2561 tibi
1674 2533 1750 2572 pro
1787 2523 1855 2561 hic
1893 2525 1969 2560 aut
2004 2522 2073 2559 hic
2107 2520 2184 2558 tibi
2218 2520 2388 2559 omnino
2421 2518 2539 2558 nulla
2573 2529 2643 2558 ex-

299 2594 388 2628 tare
426 2593 567 2638 potest
602 2587 816 2627 dubitatio,
863 2589 997 2627 Etiam
1027 2589 1056 2636 I,
1086 2589 1172 2637 1,71
1206 2600 1230 2627 a
1259 2589 1394 2627 forma
1421 2601 1497 2627 nec
1525 2600 1600 2639 pro
1629 2600 1764 2638 'neque
1792 2599 1874 2626 non
1905 2590 1981 2635 est,
2011 2585 2124 2636 quod
2145 2585 2409 2633 recedamus,
2439 2584 2637 2634 quoniam

299 2655 485 2694 Tibullus
522 2666 596 2691 nec
633 2657 678 2692 et
712 2658 810 2692 ante
840 2658 1122 2693 consonantes
1162 2659 1202 2694 et
1239 2660 1338 2694 ante
1377 2655 1545 2694 vocales
1575 2652 1772 2704 posuit,4)
1803 2665 1836 2693 e.
1868 2665 1904 2702 g.
1935 2657 2032 2691 ante
2061 2654 2345 2690 consonantes
2373 2650 2403 2698 Ι,
2433 2649 2524 2698 1,26
2550 2659 2630 2687 nec

298 2731 475 2769 semper,
507 2720 559 2758 29
588 2731 663 2757 uec
691 2722 836 2757 tamen
846 2732 861 2766 ,·
890 2722 988 2758 ante
1017 2720 1186 2758 vocales
1215 2719 1243 2767 Ι,
1272 2715 1366 2767 2,95
1394 2732 1470 2758 uec
1505 2723 1604 2758 ante
1632 2720 1661 2768 I,
1689 2719 1780 2767 3,47
1810 2731 1884 2756 uec
1914 2729 2068 2756 ensem.
2126 2716 2246 2763 Quod
2282 2716 2427 2755 attinet
2464 2714 2516 2754 ad
2552 2714 2638 2754 elo-

297 2786 510 2824 cutionem
539 2785 702 2823 sontica
732 2797 861 2823 causa
893 2786 1108 2824 rarissima
1140 2785 1212 2824 illa
1246 2786 1416 2835 quidem
1452 2791 1515 2825 est
1545 2797 1688 2836 neque
1725 2796 1903 2834 usquam
1933 2783 2043 2833 apud
2078 2782 2305 2831 scriptores
2334 2781 2457 2820 huius
2486 2781 2635 2819 aetatis

295 2855 507 2900 ursupata,
535 2854 678 2889 tamen
707 2850 871 2889 duobus
905 2851 1026 2890 bonis
1061 2851 1335 2890 confirmatur
1369 2852 1644 2890 documentis.
1707 2850 1814 2889 Dixit
1857 2850 1969 2888 enim
2005 2849 2130 2887 Festo
2165 2850 2349 2886 testante
2385 2843 2638 2895 Naevius:⁶)
2703 2876 2715 2889 =,

441 3104 466 3150 ¹)
492 3106 538 3141 cf.
565 3104 925 3150 Heyne-Wunderl.
953 3107 1108 3142 observ.
1136 3117 1173 3151 p.
1201 3106 1221 3140 7
1248 3110 1289 3142 et
1313 3107 1343 3142 8.

435 3164 462 3208 2)
488 3165 530 3200 In
556 3165 739 3200 Gronovii
766 3165 1006 3201 antidiatrib.
1033 3166 1210 3209 elencho,
1239 3176 1356 3210 quem
1383 3167 1533 3202 excitat
1558 3165 1893 3211 Wunderlichius,
1920 3165 1974 3200 nil
2000 3166 2049 3200 de
2074 3165 2150 3200 hoc
2173 3165 2262 3200 loco
2287 3164 2430 3200 inveni.

438 3222 470 3267 ⁸)
495 3223 538 3258 In
565 3223 756 3269 Propertii
780 3224 879 3259 locis
905 3224 1090 3260 excitatis
1119 3224 1462 3262 Lachmannianae
1500 3226 1684 3261 editionis
1718 3235 1752 3260 a.
1778 3223 1892 3260 1816
1917 3225 2090 3260 emissae
2119 3226 2284 3260 secutus
2316 3231 2406 3259 sum
2431 3221 2630 3259 numeros,

436 3282 464 3326 4)
491 3284 538 3319 cf.
572 3275 787 3319 Kleemann
821 3286 864 3319 de
902 3287 992 3320 libri
1030 3288 1133 3320 tertii
1162 3287 1406 3327 carminibus,
1446 3297 1538 3330 quae
1577 3286 1713 3320 Tibulli
1747 3288 1894 3320 nomine
1932 3284 2256 3327 circumferuntur.
2289 3282 2448 3318 dissert.
2480 3284 2634 3331 Argen-

293 3345 408 3378 torat.
435 3353 469 3379 a.
500 3342 606 3388 1876,
630 3353 666 3387 p.
692 3343 749 3378 34.

437 3401 465 3446 5)
491 3402 625 3446 fragm.
653 3412 751 3438 com.
777 3402 872 3447 XXI,
897 3402 968 3438 128
994 3403 1172 3439 Ribbeck
1198 3412 1295 3439 com.
1321 3404 1480 3440 Roman.
1506 3403 1622 3450 frag.²
1647 3415 1686 3450 p.
1714 3403 1771 3440 29.
